<record><header><identifier>oai:alma.41SLSP_UGE:991000796269705502</identifier><datestamp>2023-03-01T01:09:48Z</datestamp><setSpec>uge_bcen_RapidILL_BOOK</setSpec><setSpec>uge_aaca_RapidILL_BOOK</setSpec><setSpec>uge_abels_RapidILL_BOOK</setSpec><setSpec>uge_dbu_RapidILL_BOOK</setSpec><setSpec>uge_cmu_RapidILL_BOOK</setSpec><setSpec>uge_mail_RapidILL_BOOK</setSpec><setSpec>UNIGE_ALL</setSpec><setSpec>uge_abbat_RapidILL_BOOK</setSpec><setSpec>uge_aobs_RapidILL_BOOK</setSpec><setSpec>uge_acar_RapidILL_BOOK</setSpec></header><metadata>
<record xmlns="http://www.loc.gov/MARC21/slim" xmlns:xsi="http://www.w3.org/2001/XMLSchema-instance" xsi:schemaLocation="http://www.loc.gov/MARC21/slim http://www.loc.gov/standards/marcxml/schema/MARC21slim.xsd"><leader>01675nam a22004812c 4500</leader><controlfield tag="001">991000796269705502</controlfield><controlfield tag="005">20201231160404.0</controlfield><controlfield tag="008">201012s1947    gw ||||| |||| 00| ||ger d</controlfield><datafield ind1=" " ind2=" " tag="035"><subfield code="a">(swissbib)243172907-41slsp_network</subfield></datafield><datafield ind1=" " ind2=" " tag="035"><subfield code="a">243172907</subfield><subfield code="9">ExL</subfield></datafield><datafield ind1=" " ind2=" " tag="035"><subfield code="a">(RERO)R271073260-41slsp</subfield></datafield><datafield ind1=" " ind2=" " tag="035"><subfield code="a">(NEBIS)002544046EBI01</subfield></datafield><datafield ind1=" " ind2=" " tag="035"><subfield code="a">(IDSBB)000294415DSV01</subfield></datafield><datafield ind1=" " ind2=" " tag="035"><subfield code="a">(IDSLU)000350354ILU01</subfield></datafield><datafield ind1=" " ind2=" " tag="035"><subfield code="a">(EXLNZ-41SLSP_NETWORK)991039849049705501</subfield></datafield><datafield ind1=" " ind2=" " tag="040"><subfield code="a">ZT9 frbcuc</subfield><subfield code="d">CH-ZuSLS</subfield></datafield><datafield ind1=" " ind2="7" tag="072"><subfield code="a">se</subfield><subfield code="2">rero</subfield></datafield><datafield ind1=" " ind2="7" tag="072"><subfield code="a">wi</subfield><subfield code="2">SzZuIDS BS/BE</subfield></datafield><datafield ind1=" " ind2="7" tag="072"><subfield code="a">140</subfield><subfield code="2">IDS LU</subfield></datafield><datafield ind1="1" ind2="4" tag="082"><subfield code="a">330</subfield><subfield code="2">15</subfield></datafield><datafield ind1=" " ind2=" " tag="084"><subfield code="a">QK 100</subfield><subfield code="2">rvk</subfield></datafield><datafield ind1=" " ind2=" " tag="084"><subfield code="a">ND 6040</subfield><subfield code="2">rvk</subfield></datafield><datafield ind1=" " ind2=" " tag="084"><subfield code="a">QK 210</subfield><subfield code="2">rvk</subfield></datafield><datafield ind1="1" ind2=" " tag="100"><subfield code="a">Gerloff, Wilhelm</subfield><subfield code="d">1880-1954</subfield><subfield code="0">(IDREF)029013240</subfield><subfield code="4">cre</subfield></datafield><datafield ind1="1" ind2="0" tag="245"><subfield code="a">&lt;&lt;Die&gt;&gt; Entstehung des Geldes und die Anfänge des Geldwesens</subfield><subfield code="c">Wilhelm Gerloff</subfield></datafield><datafield ind1=" " ind2=" " tag="250"><subfield code="a">3., neubearb. Auflage</subfield></datafield><datafield ind1=" " ind2="1" tag="264"><subfield code="a">Frankfurt a.M.</subfield><subfield code="b">V. Klostermann</subfield><subfield code="c">1947.</subfield></datafield><datafield ind1=" " ind2=" " tag="300"><subfield code="a">260 S.</subfield><subfield code="b">Ill.</subfield><subfield code="c">23 cm</subfield></datafield><datafield ind1=" " ind2=" " tag="336"><subfield code="b">txt</subfield><subfield code="2">rdacontent</subfield></datafield><datafield ind1=" " ind2=" " tag="337"><subfield code="b">n</subfield><subfield code="2">rdamedia</subfield></datafield><datafield ind1=" " ind2=" " tag="338"><subfield code="b">nc</subfield><subfield code="2">rdacarrier</subfield></datafield><datafield ind1="1" ind2=" " tag="490"><subfield code="a">Frankfurter wissenschaftlice Beiträge. Kulturwissenschaftliche Reihe</subfield><subfield code="v">1</subfield></datafield><datafield ind1=" " ind2="4" tag="648"><subfield code="a">Geschichte</subfield></datafield><datafield ind1=" " ind2="7" tag="648"><subfield code="a">Geschichte</subfield><subfield code="2">gnd</subfield></datafield><datafield ind1=" " ind2="7" tag="650"><subfield code="a">GESCHICHTE DES GELDES</subfield><subfield code="9">ger</subfield><subfield code="0">(ETHUDK)000042428</subfield><subfield code="2">ethudk</subfield></datafield><datafield ind1=" " ind2="4" tag="650"><subfield code="a">Entstehung</subfield></datafield><datafield ind1=" " ind2="4" tag="650"><subfield code="a">Geld</subfield></datafield><datafield ind1=" " ind2="7" tag="650"><subfield code="a">Geld</subfield><subfield code="0">(DE-588)4019889-3</subfield><subfield code="2">gnd</subfield></datafield><datafield ind1=" " ind2=" " tag="691"><subfield code="e">436.c</subfield><subfield code="a">Medium of exchange</subfield><subfield code="2">ubs-FG</subfield></datafield><datafield ind1=" " ind2=" " tag="830"><subfield code="a">Frankfurter wissenschaftliche Beiträge</subfield><subfield code="p">Kulturwissenschaftliche Reihe</subfield><subfield code="v">1</subfield><subfield code="w">(NEBIS)001092649EBI01</subfield></datafield><datafield ind1=" " ind2=" " tag="830"><subfield code="a">Frankfurter wissenschaftliche Beiträge</subfield><subfield code="p">Kulturwissenschaftliche Reihe</subfield><subfield code="v">1</subfield><subfield code="w">(IDSLU)001116256ILU01</subfield></datafield><datafield ind1=" " ind2=" " tag="900"><subfield code="a">REROnoselfmerge</subfield></datafield><datafield ind1=" " ind2=" " tag="900"><subfield code="a">IDSZRMedeaZBZ</subfield><subfield code="b">IDSZRSWK</subfield></datafield><datafield ind1=" " ind2=" " tag="900"><subfield code="f">IDSU2medea</subfield></datafield></record>
</metadata></record>