<record><header><identifier>oai:alma.41SLSP_UGE:991000796379705502</identifier><datestamp>2023-03-27T00:22:43Z</datestamp><setSpec>uge_bcen_RapidILL_BOOK</setSpec><setSpec>uge_aaca_RapidILL_BOOK</setSpec><setSpec>uge_abels_RapidILL_BOOK</setSpec><setSpec>uge_dbu_RapidILL_BOOK</setSpec><setSpec>uge_cmu_RapidILL_BOOK</setSpec><setSpec>uge_mail_RapidILL_BOOK</setSpec><setSpec>uge_abbat_RapidILL_BOOK</setSpec><setSpec>UNIGE_ALL</setSpec><setSpec>uge_acar_RapidILL_BOOK</setSpec><setSpec>uge_aobs_RapidILL_BOOK</setSpec></header><metadata>
<record xmlns="http://www.loc.gov/MARC21/slim" xmlns:xsi="http://www.w3.org/2001/XMLSchema-instance" xsi:schemaLocation="http://www.loc.gov/MARC21/slim http://www.loc.gov/standards/marcxml/schema/MARC21slim.xsd"><leader>01460nam a2200385 c 4500</leader><controlfield tag="001">991000796379705502</controlfield><controlfield tag="005">20230326204014.0</controlfield><controlfield tag="008">201011s1999    sz ||||| |||| 00| ||fre d</controlfield><datafield ind1=" " ind2=" " tag="020"><subfield code="z">282779023</subfield></datafield><datafield ind1=" " ind2=" " tag="035"><subfield code="a">(swissbib)216226317-41slsp_network</subfield></datafield><datafield ind1=" " ind2=" " tag="035"><subfield code="a">216226317</subfield><subfield code="9">ExL</subfield></datafield><datafield ind1=" " ind2=" " tag="035"><subfield code="a">(RERO)R252580060-41slsp</subfield></datafield><datafield ind1=" " ind2=" " tag="035"><subfield code="a">(NEBIS)002067025EBI01</subfield></datafield><datafield ind1=" " ind2=" " tag="035"><subfield code="a">(EXLNZ-41SLSP_NETWORK)991131741299705501</subfield></datafield><datafield ind1=" " ind2=" " tag="040"><subfield code="a">RERO gevcjb</subfield><subfield code="d">CH-ZuSLS</subfield></datafield><datafield ind1=" " ind2=" " tag="044"><subfield code="a">sz</subfield><subfield code="c">ch-ge</subfield></datafield><datafield ind1=" " ind2="7" tag="072"><subfield code="a">bo</subfield><subfield code="2">rero</subfield></datafield><datafield ind1="1" ind2=" " tag="100"><subfield code="a">Naef, Jaques</subfield><subfield code="0">(RERO)A003627248</subfield><subfield code="4">cre</subfield></datafield><datafield ind1="1" ind2="0" tag="245"><subfield code="a">Histologie et anatomie de l'appareil végétatif des spermaphytes</subfield><subfield code="c">Jaques Naef ; [préf. H. Greppin]</subfield></datafield><datafield ind1=" " ind2="1" tag="264"><subfield code="a">Genève</subfield><subfield code="b">Ed. des Conservatoire et jardin botaniques</subfield><subfield code="c">1999</subfield></datafield><datafield ind1=" " ind2=" " tag="300"><subfield code="a">157 p.</subfield><subfield code="b">ill.</subfield><subfield code="c">30 cm</subfield></datafield><datafield ind1=" " ind2=" " tag="336"><subfield code="b">txt</subfield><subfield code="2">rdacontent</subfield></datafield><datafield ind1=" " ind2=" " tag="337"><subfield code="b">n</subfield><subfield code="2">rdamedia</subfield></datafield><datafield ind1=" " ind2=" " tag="338"><subfield code="b">nc</subfield><subfield code="2">rdacarrier</subfield></datafield><datafield ind1="1" ind2=" " tag="490"><subfield code="a">Série universitaire</subfield><subfield code="v">2</subfield></datafield><datafield ind1=" " ind2="7" tag="650"><subfield code="a">Histologie</subfield><subfield code="0">(IDREF)027570193</subfield><subfield code="2">idref</subfield></datafield><datafield ind1=" " ind2="7" tag="650"><subfield code="a">Anatomie</subfield><subfield code="0">(IDREF)027505995</subfield><subfield code="2">idref</subfield></datafield><datafield ind1=" " ind2="7" tag="650"><subfield code="a">Phanérogames</subfield><subfield code="0">(IDREF)050541722</subfield><subfield code="2">idref</subfield></datafield><datafield ind1=" " ind2="7" tag="650"><subfield code="a">PFLANZENANATOMIE UND PFLANZENMORPHOLOGIE</subfield><subfield code="9">ger</subfield><subfield code="0">(ETHUDK)000023481</subfield><subfield code="2">ethudk</subfield></datafield><datafield ind1=" " ind2="7" tag="650"><subfield code="a">PFLANZENHISTOLOGIE</subfield><subfield code="9">ger</subfield><subfield code="0">(ETHUDK)000023571</subfield><subfield code="2">ethudk</subfield></datafield><datafield ind1=" " ind2="7" tag="650"><subfield code="a">SPERMATOPHYTA (BOTANIK)</subfield><subfield code="9">ger</subfield><subfield code="0">(ETHUDK)000023816</subfield><subfield code="2">ethudk</subfield></datafield><datafield ind1=" " ind2=" " tag="690"><subfield code="a">581.41</subfield><subfield code="d">Histologie</subfield><subfield code="2">uzb-UE</subfield></datafield><datafield ind1=" " ind2=" " tag="690"><subfield code="a">581.4</subfield><subfield code="d">Pflanzenanatomie. Pflanzenmorphologie. Gestaltlehre</subfield><subfield code="2">uzb-UE</subfield></datafield><datafield ind1="1" ind2=" " tag="700"><subfield code="a">Naef, Jacques</subfield></datafield><datafield ind1=" " ind2=" " tag="830"><subfield code="a">Série universitaire</subfield><subfield code="v">2</subfield><subfield code="w">(NEBIS)000638864EBI01</subfield></datafield><datafield ind1=" " ind2=" " tag="900"><subfield code="a">REROnoselfmerge</subfield></datafield></record>
</metadata></record>