<record><header><identifier>oai:alma.41SLSP_UGE:991000796169705502</identifier><datestamp>2023-03-01T01:09:48Z</datestamp><setSpec>uge_bcen_RapidILL_BOOK</setSpec><setSpec>uge_aaca_RapidILL_BOOK</setSpec><setSpec>uge_abels_RapidILL_BOOK</setSpec><setSpec>uge_dbu_RapidILL_BOOK</setSpec><setSpec>uge_cmu_RapidILL_BOOK</setSpec><setSpec>uge_mail_RapidILL_BOOK</setSpec><setSpec>UNIGE_ALL</setSpec><setSpec>uge_abbat_RapidILL_BOOK</setSpec><setSpec>uge_aobs_RapidILL_BOOK</setSpec><setSpec>uge_acar_RapidILL_BOOK</setSpec></header><metadata>
<record xmlns="http://www.loc.gov/MARC21/slim" xmlns:xsi="http://www.w3.org/2001/XMLSchema-instance" xsi:schemaLocation="http://www.loc.gov/MARC21/slim http://www.loc.gov/standards/marcxml/schema/MARC21slim.xsd"><leader>01540nam a2200433 c 4500</leader><controlfield tag="001">991000796169705502</controlfield><controlfield tag="005">20201222193318.0</controlfield><controlfield tag="008">130304s1990    xxc||||| |||| 00| ||eng d</controlfield><datafield ind1=" " ind2=" " tag="020"><subfield code="a">0774803703</subfield></datafield><datafield ind1=" " ind2=" " tag="020"><subfield code="a">0774803711</subfield><subfield code="q">pbk.</subfield></datafield><datafield ind1=" " ind2=" " tag="035"><subfield code="a">(swissbib)117069507-41slsp_network</subfield></datafield><datafield ind1=" " ind2=" " tag="035"><subfield code="a">117069507</subfield><subfield code="9">ExL</subfield></datafield><datafield ind1=" " ind2=" " tag="035"><subfield code="a">(RERO)R007250312-41slsp</subfield></datafield><datafield ind1=" " ind2=" " tag="035"><subfield code="a">(EXLNZ-41SLSP_NETWORK)991016025229705501</subfield></datafield><datafield ind1=" " ind2=" " tag="040"><subfield code="a">DLC</subfield><subfield code="d">CH-ZuSLS</subfield></datafield><datafield ind1=" " ind2="0" tag="050"><subfield code="a">PR9185.6.I5</subfield><subfield code="b">N38 1990</subfield></datafield><datafield ind1=" " ind2="7" tag="072"><subfield code="a">an</subfield><subfield code="2">rero</subfield></datafield><datafield ind1="0" ind2="0" tag="082"><subfield code="a">810.9/897</subfield><subfield code="2">20</subfield></datafield><datafield ind1="0" ind2="0" tag="245"><subfield code="a">Native writers and Canadian writing</subfield><subfield code="c">edited by W. H. New</subfield></datafield><datafield ind1=" " ind2="1" tag="264"><subfield code="a">Vancouver</subfield><subfield code="b">UBC Press</subfield><subfield code="c">1990</subfield></datafield><datafield ind1=" " ind2=" " tag="300"><subfield code="a">306 p.</subfield><subfield code="c">26 cm.</subfield></datafield><datafield ind1=" " ind2=" " tag="336"><subfield code="b">txt</subfield><subfield code="2">rdacontent</subfield></datafield><datafield ind1=" " ind2=" " tag="337"><subfield code="b">n</subfield><subfield code="2">rdamedia</subfield></datafield><datafield ind1=" " ind2=" " tag="338"><subfield code="b">nc</subfield><subfield code="2">rdacarrier</subfield></datafield><datafield ind1=" " ind2=" " tag="500"><subfield code="a">&quot;Canadian literature, special issue.&quot;</subfield></datafield><datafield ind1=" " ind2=" " tag="504"><subfield code="a">Includes bibliographical references.</subfield></datafield><datafield ind1=" " ind2="0" tag="650"><subfield code="a">Canadian literature</subfield><subfield code="x">History and criticism</subfield></datafield><datafield ind1=" " ind2="0" tag="650"><subfield code="a">Canadian literature</subfield><subfield code="x">Indian authors</subfield></datafield><datafield ind1=" " ind2="0" tag="650"><subfield code="a">Canadian literature</subfield><subfield code="x">Indian authors</subfield><subfield code="x">History and criticism</subfield></datafield><datafield ind1=" " ind2="0" tag="650"><subfield code="a">Canadian literature</subfield><subfield code="x">Inuit authors</subfield></datafield><datafield ind1=" " ind2="0" tag="650"><subfield code="a">Canadian literature</subfield><subfield code="x">Inuit authors</subfield><subfield code="x">History and criticism</subfield></datafield><datafield ind1=" " ind2="0" tag="650"><subfield code="a">Indians in literature</subfield></datafield><datafield ind1=" " ind2="0" tag="650"><subfield code="a">Indians of North America</subfield><subfield code="z">Canada</subfield><subfield code="x">Intellectual life</subfield></datafield><datafield ind1=" " ind2="0" tag="650"><subfield code="a">Indians of North America</subfield><subfield code="z">Canada</subfield><subfield code="v">Literary collections</subfield></datafield><datafield ind1=" " ind2="0" tag="650"><subfield code="a">Inuit</subfield><subfield code="x">Literary collections</subfield></datafield><datafield ind1=" " ind2="0" tag="650"><subfield code="a">Inuit in literature</subfield></datafield><datafield ind1=" " ind2="0" tag="650"><subfield code="a">Oral tradition</subfield><subfield code="z">Canada</subfield></datafield><datafield ind1="1" ind2=" " tag="700"><subfield code="a">New, William Herbert</subfield><subfield code="d">1938-....</subfield><subfield code="0">(IDREF)028849787</subfield></datafield><datafield ind1=" " ind2=" " tag="900"><subfield code="a">REROnoselfmerge</subfield></datafield><datafield ind1=" " ind2=" " tag="910"><subfield code="a">LOC</subfield><subfield code="b">20130304</subfield><subfield code="c">Droits réservés</subfield></datafield></record>
</metadata></record>