<record><header><identifier>oai:alma.41SLSP_UGE:991000785119705502</identifier><datestamp>2024-09-13T00:12:50Z</datestamp><setSpec>uge_bcen_RapidILL_BOOK</setSpec><setSpec>uge_aaca_RapidILL_BOOK</setSpec><setSpec>uge_abels_RapidILL_BOOK</setSpec><setSpec>uge_dbu_RapidILL_BOOK</setSpec><setSpec>uge_cmu_RapidILL_BOOK</setSpec><setSpec>uge_mail_RapidILL_BOOK</setSpec><setSpec>uge_abbat_RapidILL_BOOK</setSpec><setSpec>UNIGE_ALL</setSpec><setSpec>uge_aobs_RapidILL_BOOK</setSpec><setSpec>uge_acar_RapidILL_BOOK</setSpec></header><metadata>
<record xmlns="http://www.loc.gov/MARC21/slim" xmlns:xsi="http://www.w3.org/2001/XMLSchema-instance" xsi:schemaLocation="http://www.loc.gov/MARC21/slim http://www.loc.gov/standards/marcxml/schema/MARC21slim.xsd"><leader>01102nam a2200301uc 4500</leader><controlfield tag="001">991000785119705502</controlfield><controlfield tag="005">20240912210736.0</controlfield><controlfield tag="008">201012s1934    sz ||||| |||| 00| ||ger d</controlfield><datafield ind1=" " ind2=" " tag="035"><subfield code="a">(swissbib)237974509-41slsp_network</subfield></datafield><datafield ind1=" " ind2=" " tag="035"><subfield code="a">237974509</subfield><subfield code="9">ExL</subfield></datafield><datafield ind1=" " ind2=" " tag="035"><subfield code="a">(IDSBB)000094631DSV01</subfield></datafield><datafield ind1=" " ind2=" " tag="035"><subfield code="a">(RERO)2197322-41slsp</subfield></datafield><datafield ind1=" " ind2=" " tag="035"><subfield code="a">(EXLNZ-41SLSP_NETWORK)991114360009705501</subfield></datafield><datafield ind1=" " ind2=" " tag="040"><subfield code="a">SzZuIDS BS/BE</subfield><subfield code="b">ger</subfield><subfield code="e">kids</subfield><subfield code="d">CH-ZuSLS</subfield></datafield><datafield ind1=" " ind2="7" tag="072"><subfield code="a">ss</subfield><subfield code="2">rero</subfield></datafield><datafield ind1="1" ind2="4" tag="082"><subfield code="a">310</subfield><subfield code="2">15</subfield></datafield><datafield ind1="0" ind2="0" tag="245"><subfield code="a">Eidgenössische Volkszählung 1. Dezember 1930</subfield><subfield code="p">Band 9, Kanton Bern</subfield></datafield><datafield ind1=" " ind2="1" tag="264"><subfield code="c">1934</subfield></datafield><datafield ind1=" " ind2=" " tag="300"><subfield code="a">255 S.</subfield><subfield code="b">Ill.</subfield><subfield code="c">30 cm</subfield></datafield><datafield ind1=" " ind2=" " tag="336"><subfield code="b">txt</subfield><subfield code="2">rdacontent</subfield></datafield><datafield ind1=" " ind2=" " tag="337"><subfield code="b">n</subfield><subfield code="2">rdamedia</subfield></datafield><datafield ind1=" " ind2=" " tag="338"><subfield code="b">nc</subfield><subfield code="2">rdacarrier</subfield></datafield><datafield ind1="1" ind2=" " tag="490"><subfield code="a">Statistische Quellenwerke der Schweiz</subfield><subfield code="v">H. 45</subfield></datafield><datafield ind1=" " ind2="7" tag="650"><subfield code="a">Volkszählung</subfield><subfield code="0">(DE-STW)15135-2</subfield><subfield code="2">stw</subfield></datafield><datafield ind1="1" ind2=" " tag="710"><subfield code="a">Suisse</subfield><subfield code="b">Office fédéral de la statistique</subfield><subfield code="0">(IDREF)026401738</subfield></datafield><datafield ind1=" " ind2=" " tag="830"><subfield code="a">Statistische Quellenwerke der Schweiz</subfield><subfield code="v">45</subfield><subfield code="w">(IDSBB)000016958DSV01</subfield></datafield><datafield ind1=" " ind2=" " tag="830"><subfield code="a">Eidgenössische Volkszählung 1. Dezember 1930</subfield><subfield code="v">9</subfield><subfield code="w">(RERO)bv00694399-41slsp</subfield></datafield><datafield ind1=" " ind2=" " tag="830"><subfield code="a">Statistische Quellenwerke der Schweiz</subfield><subfield code="v">45</subfield><subfield code="w">(RERO)0500517-41slsp</subfield></datafield><datafield ind1=" " ind2=" " tag="900"><subfield code="a">REROnoselfmerge</subfield></datafield></record>
</metadata></record>