<record><header><identifier>oai:alma.41SLSP_UGE:991000797109705502</identifier><datestamp>2023-06-09T00:14:12Z</datestamp><setSpec>uge_bcen_RapidILL_BOOK</setSpec><setSpec>uge_aaca_RapidILL_BOOK</setSpec><setSpec>uge_abels_RapidILL_BOOK</setSpec><setSpec>uge_dbu_RapidILL_BOOK</setSpec><setSpec>uge_cmu_RapidILL_BOOK</setSpec><setSpec>uge_mail_RapidILL_BOOK</setSpec><setSpec>uge_abbat_RapidILL_BOOK</setSpec><setSpec>UNIGE_ALL</setSpec><setSpec>uge_acar_RapidILL_BOOK</setSpec><setSpec>uge_aobs_RapidILL_BOOK</setSpec></header><metadata>
<record xmlns="http://www.loc.gov/MARC21/slim" xmlns:xsi="http://www.w3.org/2001/XMLSchema-instance" xsi:schemaLocation="http://www.loc.gov/MARC21/slim http://www.loc.gov/standards/marcxml/schema/MARC21slim.xsd"><leader>01309nam a2200361 c 4500</leader><controlfield tag="001">991000797109705502</controlfield><controlfield tag="005">20230327183152.0</controlfield><controlfield tag="008">201011s1985    xxu||||| |||| 00| ||eng d</controlfield><datafield ind1=" " ind2=" " tag="020"><subfield code="a">2881241107</subfield></datafield><datafield ind1=" " ind2=" " tag="035"><subfield code="a">(swissbib)226787680-41slsp_network</subfield></datafield><datafield ind1=" " ind2=" " tag="035"><subfield code="a">226787680</subfield><subfield code="9">ExL</subfield></datafield><datafield ind1=" " ind2=" " tag="035"><subfield code="a">(RERO)0895957-41slsp</subfield></datafield><datafield ind1=" " ind2=" " tag="035"><subfield code="a">(NEBIS)000378741EBI01</subfield></datafield><datafield ind1=" " ind2=" " tag="035"><subfield code="a">(EXLNZ-41SLSP_NETWORK)991055202679705501</subfield></datafield><datafield ind1=" " ind2=" " tag="040"><subfield code="a">RERO geuses</subfield><subfield code="d">CH-ZuSLS</subfield></datafield><datafield ind1=" " ind2="7" tag="072"><subfield code="a">ps</subfield><subfield code="2">rero</subfield></datafield><datafield ind1=" " ind2="7" tag="072"><subfield code="a">sp</subfield><subfield code="2">rero</subfield></datafield><datafield ind1="0" ind2="0" tag="245"><subfield code="a">Purposive behaviour and teleological explanations</subfield><subfield code="c">ed. by Frank George and Les Johnson</subfield></datafield><datafield ind1=" " ind2="1" tag="264"><subfield code="a">New York</subfield><subfield code="a">London [etc.]</subfield><subfield code="b">Gordon and Breach Science</subfield><subfield code="c">[1985]</subfield></datafield><datafield ind1=" " ind2="4" tag="264"><subfield code="c">© 1985</subfield></datafield><datafield ind1=" " ind2=" " tag="300"><subfield code="a">XXI, 309 p.</subfield><subfield code="b">ill.</subfield><subfield code="c">24 cm</subfield></datafield><datafield ind1=" " ind2=" " tag="336"><subfield code="b">txt</subfield><subfield code="2">rdacontent</subfield></datafield><datafield ind1=" " ind2=" " tag="337"><subfield code="b">n</subfield><subfield code="2">rdamedia</subfield></datafield><datafield ind1=" " ind2=" " tag="338"><subfield code="b">nc</subfield><subfield code="2">rdacarrier</subfield></datafield><datafield ind1="1" ind2=" " tag="490"><subfield code="a">Studies in cybernetics</subfield><subfield code="v">vol. 8</subfield></datafield><datafield ind1=" " ind2="7" tag="650"><subfield code="a">Attitude</subfield><subfield code="0">(IDREF)027489515</subfield><subfield code="2">idref</subfield></datafield><datafield ind1=" " ind2="7" tag="650"><subfield code="a">Finalité</subfield><subfield code="0">(IDREF)027439410</subfield><subfield code="2">idref</subfield></datafield><datafield ind1=" " ind2="7" tag="650"><subfield code="a">TELEOLOGIE (PHILOSOPHIE)</subfield><subfield code="9">ger</subfield><subfield code="0">(ETHUDK)000009406</subfield><subfield code="2">ethudk</subfield></datafield><datafield ind1=" " ind2="7" tag="650"><subfield code="a">ZWECK + ENTELECHIE + ZIELSTREBIGKEIT + FINALITÄT (PHILOSOPHIE)</subfield><subfield code="9">ger</subfield><subfield code="0">(ETHUDK)000009410</subfield><subfield code="2">ethudk</subfield></datafield><datafield ind1="1" ind2=" " tag="700"><subfield code="a">George, Frank</subfield></datafield><datafield ind1="1" ind2=" " tag="700"><subfield code="a">Johnson, L.</subfield></datafield><datafield ind1="1" ind2=" " tag="700"><subfield code="a">George, Frank Honywill</subfield><subfield code="d">1921-1997</subfield><subfield code="0">(IDREF)07040139X</subfield></datafield><datafield ind1=" " ind2=" " tag="830"><subfield code="a">Studies in cybernetics</subfield><subfield code="v">8</subfield><subfield code="w">(NEBIS)000026192EBI01</subfield></datafield><datafield ind1=" " ind2=" " tag="900"><subfield code="a">REROnoselfmerge</subfield></datafield></record>
</metadata></record>