<record><header><identifier>oai:alma.41SLSP_UGE:991000785849705502</identifier><datestamp>2023-03-01T01:09:48Z</datestamp><setSpec>uge_bcen_RapidILL_BOOK</setSpec><setSpec>uge_aaca_RapidILL_BOOK</setSpec><setSpec>uge_abels_RapidILL_BOOK</setSpec><setSpec>uge_dbu_RapidILL_BOOK</setSpec><setSpec>uge_cmu_RapidILL_BOOK</setSpec><setSpec>uge_mail_RapidILL_BOOK</setSpec><setSpec>UNIGE_ALL</setSpec><setSpec>uge_abbat_RapidILL_BOOK</setSpec><setSpec>uge_aobs_RapidILL_BOOK</setSpec><setSpec>uge_acar_RapidILL_BOOK</setSpec></header><metadata>
<record xmlns="http://www.loc.gov/MARC21/slim" xmlns:xsi="http://www.w3.org/2001/XMLSchema-instance" xsi:schemaLocation="http://www.loc.gov/MARC21/slim http://www.loc.gov/standards/marcxml/schema/MARC21slim.xsd"><leader>02125nam a2200517 c 4500</leader><controlfield tag="001">991000785849705502</controlfield><controlfield tag="005">20210207113743.0</controlfield><controlfield tag="008">201011s1979    xxu||||| |||| 10| ||eng d</controlfield><datafield ind1=" " ind2=" " tag="020"><subfield code="a">0120698501</subfield></datafield><datafield ind1=" " ind2=" " tag="035"><subfield code="a">(swissbib)231298382-41slsp_network</subfield></datafield><datafield ind1=" " ind2=" " tag="035"><subfield code="a">231298382</subfield><subfield code="9">ExL</subfield></datafield><datafield ind1=" " ind2=" " tag="035"><subfield code="a">(RERO)R250582860-41slsp</subfield></datafield><datafield ind1=" " ind2=" " tag="035"><subfield code="a">(NEBIS)000354512EBI01</subfield></datafield><datafield ind1=" " ind2=" " tag="035"><subfield code="a">(EXLNZ-41SLSP_NETWORK)991022321759705501</subfield></datafield><datafield ind1=" " ind2=" " tag="040"><subfield code="a">RERO geusba</subfield><subfield code="d">CH-ZuSLS</subfield></datafield><datafield ind1=" " ind2="7" tag="072"><subfield code="a">bi</subfield><subfield code="2">rero</subfield></datafield><datafield ind1="0" ind2="0" tag="082"><subfield code="a">591.2/93</subfield><subfield code="2">19</subfield></datafield><datafield ind1="0" ind2="4" tag="082"><subfield code="a">591.2 9 3</subfield><subfield code="2">18</subfield></datafield><datafield ind1="0" ind2="4" tag="082"><subfield code="a">591.2/9</subfield></datafield><datafield ind1="0" ind2="0" tag="245"><subfield code="a">T and B lymphocytes</subfield><subfield code="b">recognition and function : [proceedings of a symposium held in Keystone, Colorado, March 25-30, 1979]</subfield><subfield code="c">ed. by Fritz H. Bach, Benjamin Bonavida... [et al.]</subfield></datafield><datafield ind1=" " ind2="1" tag="264"><subfield code="a">New York</subfield><subfield code="a">London [etc.]</subfield><subfield code="b">Academic Press</subfield><subfield code="c">1979</subfield></datafield><datafield ind1=" " ind2=" " tag="300"><subfield code="a">XXVI, 709 p.</subfield><subfield code="b">ill.</subfield><subfield code="c">24 cm</subfield></datafield><datafield ind1=" " ind2=" " tag="336"><subfield code="b">txt</subfield><subfield code="2">rdacontent</subfield></datafield><datafield ind1=" " ind2=" " tag="337"><subfield code="b">n</subfield><subfield code="2">rdamedia</subfield></datafield><datafield ind1=" " ind2=" " tag="338"><subfield code="b">nc</subfield><subfield code="2">rdacarrier</subfield></datafield><datafield ind1="1" ind2=" " tag="490"><subfield code="a">ICN-UCLA symposia on molecular and cellular biology</subfield><subfield code="v">vol. 16</subfield></datafield><datafield ind1=" " ind2="7" tag="650"><subfield code="a">B-Lymphozyt</subfield><subfield code="0">(DE-588)4137121-5</subfield><subfield code="2">gnd</subfield></datafield><datafield ind1=" " ind2="7" tag="650"><subfield code="a">T-Lymphozyt</subfield><subfield code="0">(DE-588)4127387-4</subfield><subfield code="2">gnd</subfield></datafield><datafield ind1=" " ind2="0" tag="650"><subfield code="a">B cells</subfield><subfield code="v">Congresses</subfield></datafield><datafield ind1=" " ind2="0" tag="650"><subfield code="a">B cells</subfield><subfield code="x">Congresses</subfield></datafield><datafield ind1=" " ind2="0" tag="650"><subfield code="a">Cell interaction</subfield><subfield code="v">Congresses</subfield></datafield><datafield ind1=" " ind2="0" tag="650"><subfield code="a">Cell interaction</subfield><subfield code="x">Congresses</subfield></datafield><datafield ind1=" " ind2="0" tag="650"><subfield code="a">Cellular recognition</subfield><subfield code="v">Congresses</subfield></datafield><datafield ind1=" " ind2="0" tag="650"><subfield code="a">Cellular recognition</subfield><subfield code="x">Congresses</subfield></datafield><datafield ind1=" " ind2="0" tag="650"><subfield code="a">T cells</subfield><subfield code="v">Congresses</subfield></datafield><datafield ind1=" " ind2="0" tag="650"><subfield code="a">T cells</subfield><subfield code="x">Congresses</subfield></datafield><datafield ind1=" " ind2="7" tag="650"><subfield code="a">B-LYMPHOZYTEN (BLUTZELLEN)</subfield><subfield code="9">ger</subfield><subfield code="0">(ETHUDK)000038600</subfield><subfield code="2">ethudk</subfield></datafield><datafield ind1=" " ind2="7" tag="650"><subfield code="a">T-LYMPHOZYTEN (BLUTZELLEN)</subfield><subfield code="9">ger</subfield><subfield code="0">(ETHUDK)000038601</subfield><subfield code="2">ethudk</subfield></datafield><datafield ind1=" " ind2="7" tag="655"><subfield code="a">Konferenzschrift</subfield><subfield code="z">Keystone (CO)</subfield><subfield code="y">1979/03</subfield><subfield code="2">gnd-content</subfield></datafield><datafield ind1=" " ind2=" " tag="690"><subfield code="a">Antigen / Kongresse, Konferenzen, Symposien</subfield><subfield code="2">uzb-Z9</subfield></datafield><datafield ind1=" " ind2=" " tag="690"><subfield code="a">Immungenetik / Kongresse, Konferenzen, Symposien</subfield><subfield code="2">uzb-Z9</subfield></datafield><datafield ind1=" " ind2=" " tag="690"><subfield code="a">Lymphocyt / Kongresse, Konferenzen, Symposien</subfield><subfield code="2">uzb-Z9</subfield></datafield><datafield ind1="1" ind2=" " tag="700"><subfield code="a">Bonavida, Benjamin</subfield><subfield code="0">(IDREF)029950929</subfield></datafield><datafield ind1="1" ind2=" " tag="700"><subfield code="a">Bach, Fritz H.</subfield><subfield code="0">(IDREF)156528703</subfield></datafield><datafield ind1=" " ind2="0" tag="830"><subfield code="a">ICN-UCLA Symposia on molecular and cellular biology</subfield><subfield code="v">16</subfield><subfield code="w">(NEBIS)000034257EBI01</subfield></datafield><datafield ind1=" " ind2="0" tag="830"><subfield code="a">ICN-UCLA symposia on molecular and cellular biology</subfield><subfield code="v">16</subfield><subfield code="w">(RERO)0709985-41slsp</subfield></datafield><datafield ind1=" " ind2=" " tag="900"><subfield code="a">REROnoselfmerge</subfield></datafield></record>
</metadata></record>