<record><header><identifier>oai:alma.41SLSP_UGE:991000785329705502</identifier><datestamp>2023-03-01T01:09:48Z</datestamp><setSpec>uge_bcen_RapidILL_BOOK</setSpec><setSpec>uge_aaca_RapidILL_BOOK</setSpec><setSpec>uge_abels_RapidILL_BOOK</setSpec><setSpec>uge_dbu_RapidILL_BOOK</setSpec><setSpec>uge_cmu_RapidILL_BOOK</setSpec><setSpec>uge_mail_RapidILL_BOOK</setSpec><setSpec>UNIGE_ALL</setSpec><setSpec>uge_abbat_RapidILL_BOOK</setSpec><setSpec>uge_acar_RapidILL_BOOK</setSpec><setSpec>uge_aobs_RapidILL_BOOK</setSpec></header><metadata>
<record xmlns="http://www.loc.gov/MARC21/slim" xmlns:xsi="http://www.w3.org/2001/XMLSchema-instance" xsi:schemaLocation="http://www.loc.gov/MARC21/slim http://www.loc.gov/standards/marcxml/schema/MARC21slim.xsd"><leader>03561nam a2200469 c 4500</leader><controlfield tag="001">991000785329705502</controlfield><controlfield tag="005">20230122173755.0</controlfield><controlfield tag="008">201011s2005    xxu||||| |||| 01| ||eng d</controlfield><datafield ind1=" " ind2=" " tag="020"><subfield code="a">0268041113</subfield><subfield code="q">acidfree paper</subfield></datafield><datafield ind1="7" ind2=" " tag="024"><subfield code="a">http://catalogue.bnf.fr/ark:/12148/cb41193193g</subfield><subfield code="2">uri</subfield></datafield><datafield ind1=" " ind2=" " tag="035"><subfield code="a">(swissbib)227141709-41slsp_network</subfield></datafield><datafield ind1=" " ind2=" " tag="035"><subfield code="a">227141709</subfield><subfield code="9">ExL</subfield></datafield><datafield ind1=" " ind2=" " tag="035"><subfield code="a">(RERO)R004334566-41slsp</subfield></datafield><datafield ind1=" " ind2=" " tag="035"><subfield code="a">(IDSBB)003995794DSV01</subfield></datafield><datafield ind1=" " ind2=" " tag="035"><subfield code="a">(EXLNZ-41SLSP_NETWORK)991053188639705501</subfield></datafield><datafield ind1=" " ind2=" " tag="040"><subfield code="a">LOC labcud</subfield><subfield code="d">CH-ZuSLS</subfield></datafield><datafield ind1=" " ind2="0" tag="050"><subfield code="a">CB351 $b.R395 2005</subfield></datafield><datafield ind1=" " ind2="7" tag="072"><subfield code="a">lc</subfield><subfield code="2">rero</subfield></datafield><datafield ind1="0" ind2="0" tag="082"><subfield code="a">909.07</subfield></datafield><datafield ind1=" " ind2=" " tag="084"><subfield code="a">HD 300</subfield><subfield code="2">rvk</subfield></datafield><datafield ind1="0" ind2="0" tag="245"><subfield code="a">Reading medieval culture</subfield><subfield code="b">essays in honor of Robert W. Hanning</subfield><subfield code="c">edited by Robert M. Stein ... [et al.]</subfield></datafield><datafield ind1=" " ind2="1" tag="264"><subfield code="a">Notre Dame, Ind.</subfield><subfield code="b">University of Notre Dame Press</subfield><subfield code="c">[2005]</subfield></datafield><datafield ind1=" " ind2="4" tag="264"><subfield code="c">© 2005</subfield></datafield><datafield ind1=" " ind2=" " tag="300"><subfield code="a">505 p.</subfield><subfield code="b">ill.</subfield><subfield code="c">24 cm</subfield></datafield><datafield ind1=" " ind2=" " tag="336"><subfield code="b">txt</subfield><subfield code="2">rdacontent</subfield></datafield><datafield ind1=" " ind2=" " tag="337"><subfield code="b">n</subfield><subfield code="2">rdamedia</subfield></datafield><datafield ind1=" " ind2=" " tag="338"><subfield code="b">nc</subfield><subfield code="2">rdacarrier</subfield></datafield><datafield ind1=" " ind2=" " tag="504"><subfield code="a">Includes bibliographical references and index</subfield></datafield><datafield ind1="0" ind2=" " tag="505"><subfield code="a">From Bede's world to Bede's world / Nicholas Howe -- Prolixitas temporum : futurity in medieval historical narratives / Monika Otter -- What's love got to do with it? : Abbot Suger and the renovation of St. Denis / Sarah Spence -- Time and nature in twelfth-century thought : William of Conches, Thierry of Chartres, and the new science / Charlotte Gross -- Christina of Markyate and Theodora of Huntingdon : narrative careers / Nancy F. Partner -- The voice of the hind : the emergence of feminine discontent in the lais of Marie de France / H. Marshall Leicester -- Troy, Arthur, and the languages of Brutis Albyoun / Christopher Baswell -- The hunger for national identity in Richard Coer de Lion / Suzanne Conklin Akbari -- The body of the nun's priest, or, Chaucer's disseminal genius / Peter W. Travis -- Leve brother : fraternalism and craft identity in the miller's prologue and tale / Margaret Pappano -- All that glisters : the historical setting of the tale of Sir Thopas / William Askins -- Chaucer and Langland : a fellowship of makers / George D. Economou -- Raptus and the poetics of married love in Chaucer's wife of Bath's tale and James I's Kingis quair / Elizabeth Robertson -- Chaucer's Criseyde : the betrayer betrayed / Laura L. Howes -- Chaucer and free love / John M. Ganim -- Professionalizing Chaucer : John Matthews Manly, Edith Rickert, and The Canterbury tales as cultural capital / Sealy Gilles and Sylvia Tomasch -- Gli scogli neri ed il niente che c'è : Dorigen's black rocks and Chaucer's translation of Italy / Warren Ginsberg -- Women in the shadows of The divine comedy / Joan M. Ferrante -- Critical notes on the reception of theories of linear perspective / Joseph A. Dane -- Una linea sola non stentata : Castiglione, Raphael, and the aesthetics of grace / David Rosand</subfield></datafield><datafield ind1="1" ind2="7" tag="600"><subfield code="a">Chaucer, Geoffrey.</subfield><subfield code="t">The Canterbury tales</subfield><subfield code="0">(RERO)A010063538</subfield><subfield code="2">rero</subfield></datafield><datafield ind1="1" ind2="7" tag="600"><subfield code="a">Chaucer, Geoffrey</subfield><subfield code="d">1340?-1400</subfield><subfield code="0">(IDREF)026782510</subfield><subfield code="2">idref</subfield></datafield><datafield ind1=" " ind2="0" tag="650"><subfield code="a">Civilization, Medieval</subfield></datafield><datafield ind1=" " ind2="0" tag="650"><subfield code="a">Literature, Medieval</subfield><subfield code="x">History and criticism</subfield></datafield><datafield ind1=" " ind2="7" tag="650"><subfield code="a">Littérature européenne</subfield><subfield code="0">(IDREF)027236927</subfield><subfield code="2">idref</subfield></datafield><datafield ind1=" " ind2="7" tag="650"><subfield code="a">Moyen âge</subfield><subfield code="0">(IDREF)027329917</subfield><subfield code="2">idref</subfield></datafield><datafield ind1=" " ind2="7" tag="655"><subfield code="a">[Études diverses]</subfield><subfield code="0">(RERO)A022249905</subfield><subfield code="2">rero</subfield></datafield><datafield ind1=" " ind2="7" tag="655"><subfield code="a">Bibliografie</subfield><subfield code="2">gnd-content</subfield></datafield><datafield ind1=" " ind2="7" tag="655"><subfield code="a">Festschrift</subfield><subfield code="2">gnd-content</subfield></datafield><datafield ind1="1" ind2=" " tag="700"><subfield code="a">Stein, Robert</subfield></datafield><datafield ind1="1" ind2=" " tag="700"><subfield code="a">Stein, Robert M.</subfield><subfield code="d">1943-....</subfield><subfield code="0">(IDREF)103634401</subfield></datafield><datafield ind1="1" ind2=" " tag="700"><subfield code="a">Hanning, Robert W.</subfield><subfield code="d">1940-</subfield><subfield code="0">(DE-588)133246892</subfield><subfield code="6">880-03</subfield></datafield><datafield ind1="1" ind2=" " tag="880"><subfield code="6">700-03</subfield><subfield code="a">Hanning, Robert W.</subfield><subfield code="0">(IDREF)028456769</subfield></datafield><datafield ind1=" " ind2=" " tag="900"><subfield code="a">REROnoselfmerge</subfield></datafield></record>
</metadata></record>