<record><header><identifier>oai:alma.41SLSP_UGE:991000785729705502</identifier><datestamp>2024-08-27T00:07:32Z</datestamp><setSpec>uge_bcen_RapidILL_BOOK</setSpec><setSpec>uge_aaca_RapidILL_BOOK</setSpec><setSpec>uge_abels_RapidILL_BOOK</setSpec><setSpec>uge_dbu_RapidILL_BOOK</setSpec><setSpec>uge_cmu_RapidILL_BOOK</setSpec><setSpec>uge_mail_RapidILL_BOOK</setSpec><setSpec>uge_abbat_RapidILL_BOOK</setSpec><setSpec>UNIGE_ALL</setSpec><setSpec>uge_aobs_RapidILL_BOOK</setSpec><setSpec>uge_acar_RapidILL_BOOK</setSpec></header><metadata>
<record xmlns="http://www.loc.gov/MARC21/slim" xmlns:xsi="http://www.w3.org/2001/XMLSchema-instance" xsi:schemaLocation="http://www.loc.gov/MARC21/slim http://www.loc.gov/standards/marcxml/schema/MARC21slim.xsd"><leader>01488nam a2200361 c 4500</leader><controlfield tag="001">991000785729705502</controlfield><controlfield tag="005">20240826113323.0</controlfield><controlfield tag="008">130503s2013    fr ||||| |||| 00| ||fre d</controlfield><datafield ind1=" " ind2=" " tag="020"><subfield code="a">9782070742653</subfield></datafield><datafield ind1="7" ind2=" " tag="024"><subfield code="a">http://catalogue.bnf.fr/ark:/12148/cb43591525k</subfield><subfield code="2">uri</subfield></datafield><datafield ind1=" " ind2=" " tag="035"><subfield code="a">(swissbib)117309974-41slsp_network</subfield></datafield><datafield ind1=" " ind2=" " tag="035"><subfield code="a">117309974</subfield><subfield code="9">ExL</subfield></datafield><datafield ind1=" " ind2=" " tag="035"><subfield code="a">(RERO)R007290269-41slsp</subfield></datafield><datafield ind1=" " ind2=" " tag="035"><subfield code="a">(EXLNZ-41SLSP_NETWORK)991077721709705501</subfield></datafield><datafield ind1=" " ind2=" " tag="040"><subfield code="a">RERO vsbcvs</subfield><subfield code="d">CH-ZuSLS</subfield></datafield><datafield ind1="1" ind2=" " tag="041"><subfield code="a">fre</subfield><subfield code="h">ger</subfield></datafield><datafield ind1=" " ind2="7" tag="072"><subfield code="a">ph</subfield><subfield code="2">rero</subfield></datafield><datafield ind1="1" ind2=" " tag="100"><subfield code="a">Heidegger, Martin</subfield><subfield code="d">1889-1976</subfield><subfield code="0">(IDREF)026917548</subfield><subfield code="4">aut</subfield></datafield><datafield ind1="1" ind2="0" tag="245"><subfield code="a">Introduction à la recherche phénoménologique</subfield><subfield code="c">Martin Heidegger ; trad. de l'allemand par Alain Boutot</subfield></datafield><datafield ind1=" " ind2="1" tag="264"><subfield code="a">Paris</subfield><subfield code="b">Gallimard</subfield><subfield code="c">2013</subfield></datafield><datafield ind1=" " ind2=" " tag="300"><subfield code="a">363 p.</subfield></datafield><datafield ind1=" " ind2=" " tag="336"><subfield code="b">txt</subfield><subfield code="2">rdacontent</subfield></datafield><datafield ind1=" " ind2=" " tag="337"><subfield code="b">n</subfield><subfield code="2">rdamedia</subfield></datafield><datafield ind1=" " ind2=" " tag="338"><subfield code="b">nc</subfield><subfield code="2">rdacarrier</subfield></datafield><datafield ind1="0" ind2=" " tag="490"><subfield code="a">Bibliothèque de philosophie</subfield></datafield><datafield ind1="1" ind2=" " tag="490"><subfield code="a">Oeuvres de Martin Heidegger</subfield></datafield><datafield ind1=" " ind2=" " tag="500"><subfield code="a">Traduit de: Einführung in die Phänomenologische Forschung</subfield></datafield><datafield ind1=" " ind2=" " tag="500"><subfield code="a">Cours de Marbourg du semestre d'hiver 1923-1924</subfield></datafield><datafield ind1=" " ind2=" " tag="500"><subfield code="a">Ce vol. est la trad. française du t. 17 de l'éd. intégrale des oeuvres de Martin Heidegger (Gesamtausgabe) publ. aux Ed. Klostermann à Francfort</subfield></datafield><datafield ind1=" " ind2="7" tag="650"><subfield code="a">Phénoménologie</subfield><subfield code="0">(IDREF)027246655</subfield><subfield code="2">idref</subfield></datafield><datafield ind1=" " ind2="7" tag="655"><subfield code="a">Manuels d'enseignement</subfield><subfield code="0">(IDREF)027446514</subfield><subfield code="2">idref</subfield></datafield><datafield ind1="1" ind2=" " tag="700"><subfield code="a">Boutot, Alain</subfield><subfield code="d">1953-....</subfield><subfield code="0">(IDREF)029360692</subfield><subfield code="4">trl</subfield></datafield><datafield ind1="1" ind2=" " tag="800"><subfield code="a">Heidegger, Martin</subfield><subfield code="d">1889-1976</subfield><subfield code="t">Œuvre</subfield><subfield code="w">(RERO)0444343-41slsp</subfield></datafield><datafield ind1=" " ind2=" " tag="900"><subfield code="a">REROnoselfmerge</subfield></datafield></record>
</metadata></record>