<record><header><identifier>oai:alma.41SLSP_UGE:991000785309705502</identifier><datestamp>2023-11-25T02:59:21Z</datestamp><setSpec>uge_bcen_RapidILL_BOOK</setSpec><setSpec>uge_aaca_RapidILL_BOOK</setSpec><setSpec>uge_abels_RapidILL_BOOK</setSpec><setSpec>uge_dbu_RapidILL_BOOK</setSpec><setSpec>uge_cmu_RapidILL_BOOK</setSpec><setSpec>uge_mail_RapidILL_BOOK</setSpec><setSpec>uge_abbat_RapidILL_BOOK</setSpec><setSpec>UNIGE_ALL</setSpec><setSpec>uge_acar_RapidILL_BOOK</setSpec><setSpec>uge_aobs_RapidILL_BOOK</setSpec></header><metadata>
<record xmlns="http://www.loc.gov/MARC21/slim" xmlns:xsi="http://www.w3.org/2001/XMLSchema-instance" xsi:schemaLocation="http://www.loc.gov/MARC21/slim http://www.loc.gov/standards/marcxml/schema/MARC21slim.xsd"><leader>02055nam a2200565 c 4500</leader><controlfield tag="001">991000785309705502</controlfield><controlfield tag="005">20230327200743.0</controlfield><controlfield tag="008">201011s2006    xxu||||| |||| 00| ||eng d</controlfield><datafield ind1=" " ind2=" " tag="010"><subfield code="a">2006921691</subfield></datafield><datafield ind1=" " ind2=" " tag="015"><subfield code="a">06,N16,0913</subfield><subfield code="2">dnb</subfield></datafield><datafield ind1=" " ind2=" " tag="020"><subfield code="a">1565912306</subfield><subfield code="q">pbk.</subfield></datafield><datafield ind1=" " ind2=" " tag="020"><subfield code="a">1565912314</subfield><subfield code="q">hardcover</subfield></datafield><datafield ind1=" " ind2=" " tag="020"><subfield code="a">9781565912304</subfield><subfield code="q">hbk.</subfield></datafield><datafield ind1=" " ind2=" " tag="020"><subfield code="a">9781565912311</subfield><subfield code="q">soft</subfield></datafield><datafield ind1=" " ind2=" " tag="035"><subfield code="a">(swissbib)219311730-41slsp_network</subfield></datafield><datafield ind1=" " ind2=" " tag="035"><subfield code="a">219311730</subfield><subfield code="9">ExL</subfield></datafield><datafield ind1=" " ind2=" " tag="035"><subfield code="a">(RERO)R005493426-41slsp</subfield></datafield><datafield ind1=" " ind2=" " tag="035"><subfield code="a">(NEBIS)010408902EBI01</subfield></datafield><datafield ind1=" " ind2=" " tag="035"><subfield code="a">(OCoLC)67570435</subfield><subfield code="z">(OCoLC)718643968</subfield></datafield><datafield ind1=" " ind2=" " tag="035"><subfield code="a">(ALEX)bv001370386</subfield></datafield><datafield ind1=" " ind2=" " tag="035"><subfield code="a">(EXLNZ-41SLSP_NETWORK)991084687379705501</subfield></datafield><datafield ind1=" " ind2=" " tag="040"><subfield code="a">RERO geullo</subfield><subfield code="d">CH-ZuSLS</subfield></datafield><datafield ind1="0" ind2=" " tag="041"><subfield code="a">eng</subfield><subfield code="a">kor</subfield></datafield><datafield ind1=" " ind2=" " tag="050"><subfield code="a">ND1366.96</subfield><subfield code="b">.Y48 2006</subfield></datafield><datafield ind1=" " ind2="7" tag="072"><subfield code="a">ba</subfield><subfield code="2">rero</subfield></datafield><datafield ind1="0" ind2="4" tag="082"><subfield code="a">759.9519</subfield><subfield code="2">22</subfield></datafield><datafield ind1=" " ind2=" " tag="084"><subfield code="a">21.02</subfield><subfield code="2">bcl</subfield></datafield><datafield ind1=" " ind2=" " tag="084"><subfield code="a">700</subfield><subfield code="2">sdnb</subfield></datafield><datafield ind1=" " ind2=" " tag="084"><subfield code="a">LO 89480</subfield><subfield code="2">rvk</subfield></datafield><datafield ind1="1" ind2=" " tag="100"><subfield code="a">Yi, Sǒng-mi</subfield><subfield code="d">1939-</subfield><subfield code="0">(RERO)A013946987</subfield><subfield code="4">cre</subfield></datafield><datafield ind1="1" ind2="0" tag="245"><subfield code="a">Korean landscape painting</subfield><subfield code="b">continuity and innovation through the ages</subfield><subfield code="c">by Yi Song-mi ; edited by Rose E. Lee</subfield></datafield><datafield ind1=" " ind2="1" tag="264"><subfield code="a">Elizabeth, NJ</subfield><subfield code="b">Hollym</subfield><subfield code="c">2006</subfield></datafield><datafield ind1=" " ind2=" " tag="300"><subfield code="a">221 p.</subfield><subfield code="b">ill.</subfield></datafield><datafield ind1=" " ind2=" " tag="336"><subfield code="b">txt</subfield><subfield code="2">rdacontent</subfield></datafield><datafield ind1=" " ind2=" " tag="337"><subfield code="b">n</subfield><subfield code="2">rdamedia</subfield></datafield><datafield ind1=" " ind2=" " tag="338"><subfield code="b">nc</subfield><subfield code="2">rdacarrier</subfield></datafield><datafield ind1="1" ind2=" " tag="490"><subfield code="a">Korean culture series</subfield><subfield code="v">4</subfield></datafield><datafield ind1=" " ind2=" " tag="500"><subfield code="a">&quot;Published simultaneously in Korea&quot;--Colophon</subfield></datafield><datafield ind1=" " ind2=" " tag="500"><subfield code="a">Text in English. Index in English and Korean</subfield></datafield><datafield ind1=" " ind2=" " tag="504"><subfield code="a">Includes bibliographical references (p. 150-151) and index.</subfield></datafield><datafield ind1=" " ind2="7" tag="650"><subfield code="a">Paysage</subfield><subfield code="0">(IDREF)027677656</subfield><subfield code="2">idref</subfield></datafield><datafield ind1=" " ind2="7" tag="650"><subfield code="a">Peinture coréenne</subfield><subfield code="0">(RERO)A027727693</subfield><subfield code="2">rero</subfield></datafield><datafield ind1=" " ind2="7" tag="650"><subfield code="a">Landschaftsmalerei</subfield><subfield code="0">(DE-588)4114355-3</subfield><subfield code="2">gnd</subfield></datafield><datafield ind1=" " ind2="0" tag="650"><subfield code="a">Landscape painting, Korean</subfield></datafield><datafield ind1=" " ind2="6" tag="650"><subfield code="a">Peinture de paysages coréenne</subfield><subfield code="x">Histoire</subfield></datafield><datafield ind1=" " ind2="6" tag="650"><subfield code="a">Peinture de paysages coréenne</subfield><subfield code="y">1392-1910 (Époque des Li)</subfield></datafield><datafield ind1=" " ind2="7" tag="651"><subfield code="a">Korea</subfield><subfield code="0">(DE-588)4032466-7</subfield><subfield code="2">gnd</subfield></datafield><datafield ind1="1" ind2=" " tag="700"><subfield code="a">Yi, Sŏng-mi</subfield><subfield code="d">1939-</subfield><subfield code="0">(DE-588)134044754</subfield></datafield><datafield ind1=" " ind2=" " tag="830"><subfield code="a">Korean culture series</subfield><subfield code="p">Hollym</subfield><subfield code="v">4</subfield><subfield code="w">(RERO)R004705088-41slsp</subfield></datafield><datafield ind1=" " ind2=" " tag="830"><subfield code="a">Korean culture series</subfield><subfield code="v">4</subfield><subfield code="w">(NEBIS)005189240EBI01</subfield></datafield><datafield ind1=" " ind2=" " tag="900"><subfield code="a">REROnoselfmerge</subfield></datafield><datafield ind1=" " ind2=" " tag="911"><subfield code="a">100</subfield><subfield code="a">Yi, Sŏng-mi</subfield><subfield code="d">1939-</subfield></datafield></record>
</metadata></record>