<record><header><identifier>oai:alma.41SLSP_UGE:991000785109705502</identifier><datestamp>2023-03-01T01:09:48Z</datestamp><setSpec>uge_bcen_RapidILL_BOOK</setSpec><setSpec>uge_aaca_RapidILL_BOOK</setSpec><setSpec>uge_abels_RapidILL_BOOK</setSpec><setSpec>uge_dbu_RapidILL_BOOK</setSpec><setSpec>uge_cmu_RapidILL_BOOK</setSpec><setSpec>uge_mail_RapidILL_BOOK</setSpec><setSpec>UNIGE_ALL</setSpec><setSpec>uge_abbat_RapidILL_BOOK</setSpec><setSpec>uge_acar_RapidILL_BOOK</setSpec><setSpec>uge_aobs_RapidILL_BOOK</setSpec></header><metadata>
<record xmlns="http://www.loc.gov/MARC21/slim" xmlns:xsi="http://www.w3.org/2001/XMLSchema-instance" xsi:schemaLocation="http://www.loc.gov/MARC21/slim http://www.loc.gov/standards/marcxml/schema/MARC21slim.xsd"><leader>04575nam a2200817 c 4500</leader><controlfield tag="001">991000785109705502</controlfield><controlfield tag="005">20230213194502.0</controlfield><controlfield tag="008">201011s2008    xxk||||| |||| 00| ||eng d</controlfield><datafield ind1=" " ind2=" " tag="010"><subfield code="a">2007039449</subfield></datafield><datafield ind1=" " ind2=" " tag="015"><subfield code="a">GBA795492</subfield><subfield code="2">bnb</subfield></datafield><datafield ind1="7" ind2=" " tag="016"><subfield code="a">B3019-011350</subfield><subfield code="2">SzZuIDS</subfield></datafield><datafield ind1=" " ind2=" " tag="020"><subfield code="a">1847203825</subfield><subfield code="q">hbk.</subfield><subfield code="c">£65.00</subfield></datafield><datafield ind1=" " ind2=" " tag="020"><subfield code="a">9781847203823</subfield><subfield code="q">hbk.</subfield><subfield code="c">£65.00</subfield></datafield><datafield ind1="7" ind2=" " tag="024"><subfield code="a">http://catalogue.bnf.fr/ark:/12148/cb43677035q</subfield><subfield code="2">uri</subfield></datafield><datafield ind1=" " ind2=" " tag="035"><subfield code="a">(swissbib)217321380-41slsp_network</subfield></datafield><datafield ind1=" " ind2=" " tag="035"><subfield code="a">217321380</subfield><subfield code="9">ExL</subfield></datafield><datafield ind1=" " ind2=" " tag="035"><subfield code="a">(RERO)R005963751-41slsp</subfield></datafield><datafield ind1=" " ind2=" " tag="035"><subfield code="a">(IDSBB)005155134DSV01</subfield></datafield><datafield ind1=" " ind2=" " tag="035"><subfield code="a">(IDSSG)000487336HSB01</subfield></datafield><datafield ind1=" " ind2=" " tag="035"><subfield code="a">(NEBIS)005547543EBI01</subfield></datafield><datafield ind1=" " ind2=" " tag="035"><subfield code="a">(EXLNZ-41SLSP_NETWORK)991153620139705501</subfield></datafield><datafield ind1=" " ind2=" " tag="040"><subfield code="a">DLC</subfield><subfield code="d">CH-ZuSLS</subfield></datafield><datafield ind1=" " ind2="0" tag="050"><subfield code="a">HD9502.A2</subfield><subfield code="b">.I52 2008</subfield></datafield><datafield ind1=" " ind2="7" tag="072"><subfield code="a">se</subfield><subfield code="2">rero</subfield></datafield><datafield ind1="0" ind2="0" tag="082"><subfield code="a">333.79</subfield><subfield code="2">22</subfield></datafield><datafield ind1=" " ind2=" " tag="084"><subfield code="a">QR 530</subfield><subfield code="2">rvk</subfield></datafield><datafield ind1="0" ind2="0" tag="245"><subfield code="a">Innovation for a low carbon economy</subfield><subfield code="b">economic, institutional and management approaches</subfield><subfield code="c">edited by Timothy J. Foxon ... [et al.]</subfield></datafield><datafield ind1=" " ind2="1" tag="264"><subfield code="a">Cheltenham</subfield><subfield code="b">Edward Elgar</subfield><subfield code="c">2008</subfield></datafield><datafield ind1=" " ind2=" " tag="300"><subfield code="a">xiii, 276 p.</subfield><subfield code="b">ill.</subfield></datafield><datafield ind1=" " ind2=" " tag="336"><subfield code="b">txt</subfield><subfield code="2">rdacontent</subfield></datafield><datafield ind1=" " ind2=" " tag="337"><subfield code="b">n</subfield><subfield code="2">rdamedia</subfield></datafield><datafield ind1=" " ind2=" " tag="338"><subfield code="b">nc</subfield><subfield code="2">rdacarrier</subfield></datafield><datafield ind1=" " ind2=" " tag="504"><subfield code="a">Includes bibliographical references and index.</subfield></datafield><datafield ind1=" " ind2="7" tag="650"><subfield code="a">Énergie</subfield><subfield code="0">(IDREF)027226271</subfield><subfield code="2">idref</subfield></datafield><datafield ind1=" " ind2="7" tag="650"><subfield code="a">Politique énergétique</subfield><subfield code="0">(IDREF)027243176</subfield><subfield code="2">idref</subfield></datafield><datafield ind1=" " ind2="7" tag="650"><subfield code="a">Innovation</subfield><subfield code="0">(IDREF)027330435</subfield><subfield code="2">idref</subfield></datafield><datafield ind1=" " ind2="7" tag="650"><subfield code="a">Energiewirtschaft</subfield><subfield code="0">(DE-588)4014743-5</subfield><subfield code="2">gnd</subfield></datafield><datafield ind1=" " ind2="7" tag="650"><subfield code="a">Nachhaltigkeit</subfield><subfield code="0">(DE-588)4326464-5</subfield><subfield code="2">gnd</subfield></datafield><datafield ind1=" " ind2="7" tag="650"><subfield code="a">Umwelttechnik</subfield><subfield code="0">(DE-588)4061650-2</subfield><subfield code="2">gnd</subfield></datafield><datafield ind1=" " ind2="7" tag="650"><subfield code="a">Technische Innovation</subfield><subfield code="0">(DE-588)4431027-4</subfield><subfield code="2">gnd</subfield></datafield><datafield ind1=" " ind2="0" tag="650"><subfield code="a">Energy development</subfield><subfield code="x">Technological innovations</subfield></datafield><datafield ind1=" " ind2="0" tag="650"><subfield code="a">Energy industries</subfield><subfield code="x">Technological innovations</subfield></datafield><datafield ind1=" " ind2="0" tag="650"><subfield code="a">Energy policy</subfield></datafield><datafield ind1=" " ind2="7" tag="650"><subfield code="a">ALTERNATIVE ENERGIEN + REGENERATIVE ENERGIEN (ENERGIETECHNIK)</subfield><subfield code="9">ger</subfield><subfield code="0">(ETHUDK)000027799</subfield><subfield code="2">ethudk</subfield></datafield><datafield ind1=" " ind2="7" tag="650"><subfield code="a">ENERGIEPOLITIK</subfield><subfield code="9">ger</subfield><subfield code="0">(ETHUDK)000010746</subfield><subfield code="2">ethudk</subfield></datafield><datafield ind1=" " ind2="7" tag="650"><subfield code="a">GLOBAL CHANGE + KLIMAERWÄRMUNG (KLIMATOLOGIE)</subfield><subfield code="9">ger</subfield><subfield code="0">(ETHUDK)000046096</subfield><subfield code="2">ethudk</subfield></datafield><datafield ind1=" " ind2="7" tag="650"><subfield code="a">INNOVATIONSMANAGEMENT (UNTERNEHMENSFÜHRUNG)</subfield><subfield code="9">ger</subfield><subfield code="0">(ETHUDK)000060184</subfield><subfield code="2">ethudk</subfield></datafield><datafield ind1=" " ind2="7" tag="650"><subfield code="a">KOHLENDIOXID (UMWELTSCHADSTOFFE)</subfield><subfield code="9">ger</subfield><subfield code="0">(ETHUDK)000047604</subfield><subfield code="2">ethudk</subfield></datafield><datafield ind1=" " ind2="7" tag="650"><subfield code="a">UMWELTPOLITIK + UMWELTSCHUTZPOLITIK + NATURSCHUTZPOLITIK (POLITIK)</subfield><subfield code="9">ger</subfield><subfield code="0">(ETHUDK)000044301</subfield><subfield code="2">ethudk</subfield></datafield><datafield ind1=" " ind2="7" tag="650"><subfield code="a">UMWELTSCHUTZMASSNAHMEN</subfield><subfield code="9">ger</subfield><subfield code="0">(ETHUDK)000012432</subfield><subfield code="2">ethudk</subfield></datafield><datafield ind1=" " ind2="7" tag="655"><subfield code="a">Konferenzschrift</subfield><subfield code="z">Oxford</subfield><subfield code="y">2006</subfield><subfield code="2">gnd-content</subfield></datafield><datafield ind1=" " ind2=" " tag="690"><subfield code="a">Innovation ; Economics ; Great Britain ; learning ; College ; Italy ; Fraunhofer institute ; Sustainability ; Content list ; Energy technology ; Technology innovation ; Fellow ; Research institute ; Energy system ; Business management ; Framework ; Innovation system ; Carbon ; Mathematical transformation ; Wind power ; Dynamic ; Dynamics ; Function ; Market ; Marketing ; Mark ; Marking ; Preface ; Diffusion ; Improvement ; Institutional Change ; Perspective ; System build ; Entrepreneur ; Fuel cell ; Electricity ; Telecommunication network ; Mast ; Insight ; Theory ; Car maker ; Planet</subfield><subfield code="2">idssg-J</subfield></datafield><datafield ind1=" " ind2=" " tag="690"><subfield code="a">Microgeneration ; Demand-Pull</subfield><subfield code="2">idssg-J</subfield></datafield><datafield ind1=" " ind2=" " tag="690"><subfield code="a">identifying goals</subfield><subfield code="2">idssg-J</subfield></datafield><datafield ind1=" " ind2=" " tag="690"><subfield code="a">UK [100]; italy [77]; USA [100]; Germany [79]; Leeds [72]; Karlsruhe [67]; California [66]; Cheltenham [62]; Northampton [62]</subfield><subfield code="2">idssg-J</subfield></datafield><datafield ind1=" " ind2=" " tag="690"><subfield code="a">gar; Karsten; Neuhojf; Clas; Otto; Wene; policymakers; Marko; Hekkert; Staffan; Jacobsson; Raphael; Sauter; Marianne; der; Steen; Martijn; Jonker; Rolf; Kunneke; Eeke; Hinnells; Lorraine; Whitmarsh</subfield><subfield code="2">idssg-J</subfield></datafield><datafield ind1=" " ind2=" " tag="690"><subfield code="a">121c</subfield><subfield code="d">Diffusion, Innovation</subfield><subfield code="2">uzb-UJ</subfield></datafield><datafield ind1=" " ind2=" " tag="690"><subfield code="a">720a</subfield><subfield code="d">Umweltökonomie (volkswirtschaftlich)</subfield><subfield code="2">uzb-UJ</subfield></datafield><datafield ind1=" " ind2=" " tag="690"><subfield code="a">761</subfield><subfield code="d">Energie und Umwelt, Energiesparmassnahmen</subfield><subfield code="2">uzb-UJ</subfield></datafield><datafield ind1="1" ind2=" " tag="700"><subfield code="a">Köhler, Jonathan</subfield></datafield><datafield ind1="1" ind2=" " tag="700"><subfield code="a">Oughton, Christine</subfield></datafield><datafield ind1="1" ind2=" " tag="700"><subfield code="a">Foxon, Timothy J.</subfield><subfield code="d">1967-</subfield><subfield code="0">(DE-588)138851611</subfield><subfield code="6">880-02</subfield></datafield><datafield ind1="1" ind2=" " tag="880"><subfield code="6">700-02</subfield><subfield code="a">Foxon, Timothy J.</subfield><subfield code="d">1967-....</subfield><subfield code="0">(IDREF)128689412</subfield></datafield><datafield ind1="4" ind2="2" tag="856"><subfield code="u">http://www.loc.gov/catdir/toc/ecip081/2007039449.html</subfield></datafield><datafield ind1="4" ind2=" " tag="856"><subfield code="3">Titelblatt und Inhaltsverzeichnis</subfield><subfield code="u">https://toc.library.ethz.ch/objects/pdf/e01_978-1-84720-382-3_01.pdf</subfield><subfield code="q">pdf</subfield></datafield><datafield ind1="4" ind2=" " tag="856"><subfield code="3">Abstract / Autoreninformation</subfield><subfield code="u">https://toc.library.ethz.ch/objects/pdf/e01_978-1-84720-382-3_02.pdf</subfield><subfield code="q">pdf</subfield></datafield><datafield ind1=" " ind2=" " tag="900"><subfield code="a">REROnoselfmerge</subfield></datafield><datafield ind1=" " ind2=" " tag="910"><subfield code="a">LOC</subfield><subfield code="b">20110318</subfield><subfield code="c">Droits réservés</subfield></datafield><datafield ind1=" " ind2=" " tag="911"><subfield code="a">700</subfield><subfield code="a">Foxon, Tim</subfield><subfield code="d">1967-</subfield></datafield><datafield ind1=" " ind2=" " tag="949"><subfield code="a">https://toc.library.ethz.ch/objects/pdf/e01_978-1-84720-382-3_01.pdf</subfield></datafield><datafield ind1=" " ind2=" " tag="949"><subfield code="a">https://toc.library.ethz.ch/objects/pdf/e01_978-1-84720-382-3_02.pdf</subfield></datafield><datafield ind1=" " ind2=" " tag="949"><subfield code="a">http://www.loc.gov/catdir/toc/ecip081/2007039449.html</subfield></datafield></record>
</metadata></record>