<record><header><identifier>oai:alma.41SLSP_UGE:991000785319705502</identifier><datestamp>2024-03-09T01:42:47Z</datestamp><setSpec>uge_bcen_RapidILL_BOOK</setSpec><setSpec>uge_aaca_RapidILL_BOOK</setSpec><setSpec>uge_abels_RapidILL_BOOK</setSpec><setSpec>uge_dbu_RapidILL_BOOK</setSpec><setSpec>uge_cmu_RapidILL_BOOK</setSpec><setSpec>uge_mail_RapidILL_BOOK</setSpec><setSpec>uge_abbat_RapidILL_BOOK</setSpec><setSpec>UNIGE_ALL</setSpec><setSpec>uge_acar_RapidILL_BOOK</setSpec><setSpec>uge_aobs_RapidILL_BOOK</setSpec></header><metadata>
<record xmlns="http://www.loc.gov/MARC21/slim" xmlns:xsi="http://www.w3.org/2001/XMLSchema-instance" xsi:schemaLocation="http://www.loc.gov/MARC21/slim http://www.loc.gov/standards/marcxml/schema/MARC21slim.xsd"><leader>04064nam a2200889 c 4500</leader><controlfield tag="001">991000785319705502</controlfield><controlfield tag="005">20240308230041.0</controlfield><controlfield tag="008">201011t19991999sz       m    00| | ger  </controlfield><datafield ind1=" " ind2=" " tag="020"><subfield code="a">3716511749</subfield></datafield><datafield ind1="7" ind2=" " tag="024"><subfield code="a">http://catalogue.bnf.fr/ark:/12148/cb420213994</subfield><subfield code="2">uri</subfield></datafield><datafield ind1=" " ind2=" " tag="035"><subfield code="a">(swissbib)216581125-41slsp_network</subfield></datafield><datafield ind1=" " ind2=" " tag="035"><subfield code="a">216581125</subfield><subfield code="9">ExL</subfield></datafield><datafield ind1=" " ind2=" " tag="035"><subfield code="a">(IDSLU)000186839ILU01</subfield></datafield><datafield ind1=" " ind2=" " tag="035"><subfield code="a">(NEBIS)002067334EBI01</subfield></datafield><datafield ind1=" " ind2=" " tag="035"><subfield code="a">(RERO)R254003160-41slsp</subfield></datafield><datafield ind1=" " ind2=" " tag="035"><subfield code="a">(IDSSG)000774161HSB01</subfield></datafield><datafield ind1=" " ind2=" " tag="035"><subfield code="a">(ABN)000190868ABN01</subfield></datafield><datafield ind1=" " ind2=" " tag="035"><subfield code="a">(EXLNZ-41SLSP_NETWORK)991015743079705501</subfield></datafield><datafield ind1=" " ind2=" " tag="040"><subfield code="a">SzZuIDS LU LUZHB</subfield><subfield code="b">ger</subfield><subfield code="e">rda</subfield><subfield code="d">CH-ZuSLS</subfield></datafield><datafield ind1=" " ind2=" " tag="044"><subfield code="a">sz</subfield><subfield code="c">ch-be</subfield></datafield><datafield ind1=" " ind2="7" tag="072"><subfield code="a">460</subfield><subfield code="2">IDS LU</subfield></datafield><datafield ind1=" " ind2="7" tag="072"><subfield code="a">ba</subfield><subfield code="2">rero</subfield></datafield><datafield ind1="0" ind2="4" tag="082"><subfield code="a">750</subfield><subfield code="2">22</subfield></datafield><datafield ind1="1" ind2=" " tag="100"><subfield code="a">Bruderer-Oswald, Iris</subfield><subfield code="d">1951-</subfield><subfield code="6">880-01</subfield><subfield code="4">aut</subfield><subfield code="0">(DE-588)121185702</subfield></datafield><datafield ind1="1" ind2=" " tag="880"><subfield code="6">100-01/(B</subfield><subfield code="a">Bruderer-Oswald, Iris</subfield><subfield code="d">19..-....</subfield><subfield code="0">(IDREF)125912692</subfield><subfield code="4">cre</subfield></datafield><datafield ind1="1" ind2="0" tag="245"><subfield code="a">Hugo Weber - Vision in Flux</subfield><subfield code="b">ein Pionier des Abstrakten Expressionismus</subfield><subfield code="c">Iris Bruderer-Oswald ; mit einem Vorwort von Gottfried Boehm</subfield></datafield><datafield ind1="1" ind2="0" tag="246"><subfield code="a">Vision in Flux</subfield></datafield><datafield ind1=" " ind2="1" tag="264"><subfield code="a">Bern</subfield><subfield code="b">Benteli</subfield><subfield code="c">[1999]</subfield></datafield><datafield ind1=" " ind2="4" tag="264"><subfield code="c">© 1999</subfield></datafield><datafield ind1=" " ind2=" " tag="300"><subfield code="a">280 Seiten</subfield><subfield code="b">Illustrationen</subfield><subfield code="c">28 cm</subfield></datafield><datafield ind1=" " ind2=" " tag="336"><subfield code="b">txt</subfield><subfield code="2">rdacontent</subfield></datafield><datafield ind1=" " ind2=" " tag="337"><subfield code="b">n</subfield><subfield code="2">rdamedia</subfield></datafield><datafield ind1=" " ind2=" " tag="338"><subfield code="b">nc</subfield><subfield code="2">rdacarrier</subfield></datafield><datafield ind1=" " ind2=" " tag="500"><subfield code="a">Erscheint zur gleichnamigen Retrospektive-Ausstellung im Aargauer Kunsthaus Aarau, vom 6. Juni bis 22. August 1999</subfield></datafield><datafield ind1=" " ind2=" " tag="500"><subfield code="a">Diese Publication erscheint zur Retrospektive-Ausstellung &quot;Hugo Weber. Ein Pionier des amerikanischen Abstrakten Expressionismus&quot; im Aargauer Kunsthaus Aarau, vom 6. Juni bis 22. August 1999</subfield></datafield><datafield ind1=" " ind2=" " tag="500"><subfield code="a">Pubblicato in occasione dell'esposizione tenutasi all'Aargauer Kunsthaus di Aarau dal 6 giugno al 22 agosto 1999</subfield></datafield><datafield ind1=" " ind2=" " tag="500"><subfield code="a">Exposition. Aarau. Aargauer Kunsthaus. 1999</subfield></datafield><datafield ind1=" " ind2=" " tag="502"><subfield code="a">Diss. Univ. Basel, 1997/98</subfield></datafield><datafield ind1=" " ind2=" " tag="504"><subfield code="a">Literaturverz.</subfield></datafield><datafield ind1=" " ind2=" " tag="504"><subfield code="a">Bibliografia: pagine 255-261</subfield></datafield><datafield ind1=" " ind2=" " tag="504"><subfield code="a">Bibliogr.: p. 255-261</subfield></datafield><datafield ind1="1" ind2="7" tag="600"><subfield code="a">Weber, Hugo</subfield><subfield code="d">1918-1971</subfield><subfield code="0">(DE-588)120642077</subfield><subfield code="2">gnd</subfield></datafield><datafield ind1="1" ind2="7" tag="600"><subfield code="a">Weber, Hugo</subfield><subfield code="2">idszbz</subfield></datafield><datafield ind1="1" ind2="7" tag="600"><subfield code="a">Weber, Hugo</subfield><subfield code="x">Cataloghi di esposizioni</subfield><subfield code="2">sbt12</subfield></datafield><datafield ind1="1" ind2="0" tag="600"><subfield code="a">Weber, Hugo</subfield><subfield code="d">1918-1971</subfield><subfield code="x">Criticism and interpretation</subfield></datafield><datafield ind1="1" ind2="4" tag="600"><subfield code="a">Weber, Hugo</subfield><subfield code="d">1918-1971</subfield><subfield code="0">(DE-588)120642077</subfield></datafield><datafield ind1="1" ind2="7" tag="600"><subfield code="a">Weber, Hugo</subfield><subfield code="0">(RERO)A010166713</subfield><subfield code="2">rero</subfield></datafield><datafield ind1=" " ind2="7" tag="650"><subfield code="a">Ausstellung</subfield><subfield code="0">(DE-588)4129601-1</subfield><subfield code="2">gnd</subfield></datafield><datafield ind1=" " ind2="0" tag="650"><subfield code="a">Abstract expressionism</subfield></datafield><datafield ind1=" " ind2="7" tag="650"><subfield code="a">ABSTRAKTER EXPRESSIONISMUS + TACHISMUS + INFORMELLE KUNST (MALEREI)</subfield><subfield code="9">ger</subfield><subfield code="0">(ETHUDK)000047046</subfield><subfield code="2">ethudk</subfield></datafield><datafield ind1=" " ind2="7" tag="650"><subfield code="a">KUNSTMALER + KUNSTMALERINNEN (MALEREI)</subfield><subfield code="9">ger</subfield><subfield code="0">(ETHUDK)000035832</subfield><subfield code="2">ethudk</subfield></datafield><datafield ind1=" " ind2="7" tag="650"><subfield code="a">Weber, Hugo</subfield><subfield code="0">(HPHSG)000002655</subfield><subfield code="2">hph-phsg</subfield></datafield><datafield ind1=" " ind2="7" tag="650"><subfield code="a">Expressionismus</subfield><subfield code="x">Kunst</subfield><subfield code="0">(HPHSG)000002698</subfield><subfield code="2">hph-phsg</subfield></datafield><datafield ind1=" " ind2="7" tag="655"><subfield code="a">Hochschulschrift</subfield><subfield code="2">gnd-content</subfield></datafield><datafield ind1=" " ind2="7" tag="655"><subfield code="a">Ausstellungskatalog</subfield><subfield code="z">Aarau</subfield><subfield code="y">1999</subfield><subfield code="2">gnd-content</subfield></datafield><datafield ind1=" " ind2="7" tag="655"><subfield code="a">Ausstellungskatalog</subfield><subfield code="2">gnd-content</subfield></datafield><datafield ind1=" " ind2="7" tag="655"><subfield code="a">Catalogues d'exposition</subfield><subfield code="0">(IDREF)027320456</subfield><subfield code="2">idref</subfield></datafield><datafield ind1=" " ind2="7" tag="655"><subfield code="a">Cataloghi di esposizioni</subfield><subfield code="2">sbt12-content</subfield></datafield><datafield ind1=" " ind2=" " tag="690"><subfield code="a">Malerei. A. Ausstellung. Aarau: Weber, Hugo</subfield><subfield code="2">rzs-L1</subfield></datafield><datafield ind1=" " ind2=" " tag="690"><subfield code="a">Weber, Hugo, B: Biographie &amp; Werk. Ausstellung</subfield><subfield code="2">rzs-L1</subfield></datafield><datafield ind1=" " ind2=" " tag="690"><subfield code="a">Malerei, B: Weber, Hugo. Ausstellung</subfield><subfield code="2">rzs-L1</subfield></datafield><datafield ind1=" " ind2=" " tag="690"><subfield code="a">Künstler (ab 1945)</subfield><subfield code="2">nebis-E4</subfield></datafield><datafield ind1=" " ind2=" " tag="690"><subfield code="a">Aarau</subfield><subfield code="x">Ausstellung</subfield><subfield code="x">Aargauer Kunsthaus</subfield><subfield code="2">nebis-E4</subfield></datafield><datafield ind1=" " ind2=" " tag="690"><subfield code="a">Schweiz</subfield><subfield code="x">Malerei</subfield><subfield code="x">1945-2000</subfield><subfield code="2">nebis-E4</subfield></datafield><datafield ind1=" " ind2=" " tag="690"><subfield code="a">Abstrakter Expressionismus</subfield><subfield code="x">Malerei</subfield><subfield code="2">nebis-E4</subfield></datafield><datafield ind1=" " ind2=" " tag="690"><subfield code="a">Weber, Hugo</subfield><subfield code="d">1918-1971</subfield><subfield code="2">nebis-E5</subfield></datafield><datafield ind1=" " ind2=" " tag="690"><subfield code="a">Weber, Hugo</subfield><subfield code="2">uzb-US</subfield></datafield><datafield ind1=" " ind2=" " tag="690"><subfield code="a">Abstrakter Expressionismus</subfield><subfield code="2">uzb-US</subfield></datafield><datafield ind1=" " ind2=" " tag="690"><subfield code="a">Chicago. Malerei. 20. Jahrhundert</subfield><subfield code="2">uzb-US</subfield></datafield><datafield ind1=" " ind2=" " tag="690"><subfield code="a">Ausstellung. Schweiz. Aarau. Aargauer Kunsthaus</subfield><subfield code="2">uzb-US</subfield></datafield><datafield ind1=" " ind2=" " tag="691"><subfield code="e">700.030</subfield><subfield code="2">usi-TM</subfield></datafield><datafield ind1="1" ind2=" " tag="700"><subfield code="a">Boehm, Gottfried</subfield><subfield code="d">1942-</subfield><subfield code="4">wpr</subfield><subfield code="0">(DE-588)115418792</subfield></datafield><datafield ind1="1" ind2=" " tag="700"><subfield code="a">Weber, Hugo</subfield><subfield code="d">1918-1971</subfield><subfield code="0">(DE-588)120642077</subfield><subfield code="4">art</subfield></datafield><datafield ind1="2" ind2=" " tag="710"><subfield code="a">Aargauer Kunsthaus</subfield><subfield code="0">(DE-588)4205540-4</subfield><subfield code="4">his</subfield></datafield><datafield ind1="4" ind2=" " tag="856"><subfield code="3">Inhaltsverzeichnis</subfield><subfield code="u">https://www.ub.unibas.ch/tox/IDSLUZ/000186839/PDF</subfield><subfield code="q">pdf</subfield></datafield><datafield ind1=" " ind2=" " tag="900"><subfield code="a">IDSE5E86ANH-2007</subfield></datafield><datafield ind1=" " ind2=" " tag="900"><subfield code="a">REROnoselfmerge</subfield></datafield><datafield ind1=" " ind2=" " tag="949"><subfield code="a">https://www.ub.unibas.ch/tox/IDSLUZ/000186839/PDF</subfield></datafield><datafield ind1=" " ind2=" " tag="993"><subfield code="a">BFLB 18714</subfield><subfield code="x">ge/ulha/d/99/0615</subfield><subfield code="9">LOCAL</subfield></datafield></record>
</metadata></record>