<record><header><identifier>oai:alma.41SLSP_UGE:991000785419705502</identifier><datestamp>2023-03-01T01:09:48Z</datestamp><setSpec>uge_bcen_RapidILL_BOOK</setSpec><setSpec>uge_aaca_RapidILL_BOOK</setSpec><setSpec>uge_abels_RapidILL_BOOK</setSpec><setSpec>uge_dbu_RapidILL_BOOK</setSpec><setSpec>uge_cmu_RapidILL_BOOK</setSpec><setSpec>uge_mail_RapidILL_BOOK</setSpec><setSpec>UNIGE_ALL</setSpec><setSpec>uge_abbat_RapidILL_BOOK</setSpec><setSpec>uge_aobs_RapidILL_BOOK</setSpec><setSpec>uge_acar_RapidILL_BOOK</setSpec></header><metadata>
<record xmlns="http://www.loc.gov/MARC21/slim" xmlns:xsi="http://www.w3.org/2001/XMLSchema-instance" xsi:schemaLocation="http://www.loc.gov/MARC21/slim http://www.loc.gov/standards/marcxml/schema/MARC21slim.xsd"><leader>01946nam a22003012c 4500</leader><controlfield tag="001">991000785419705502</controlfield><controlfield tag="005">20201227165159.0</controlfield><controlfield tag="008">140722s1955    xxu||||| |||| 00| ||eng d</controlfield><datafield ind1=" " ind2=" " tag="035"><subfield code="a">(swissbib)120187817-41slsp_network</subfield></datafield><datafield ind1=" " ind2=" " tag="035"><subfield code="a">120187817</subfield><subfield code="9">ExL</subfield></datafield><datafield ind1=" " ind2=" " tag="035"><subfield code="a">(RERO)R007812053-41slsp</subfield></datafield><datafield ind1=" " ind2=" " tag="035"><subfield code="a">(EXLNZ-41SLSP_NETWORK)991037275299705501</subfield></datafield><datafield ind1=" " ind2=" " tag="040"><subfield code="a">TXX</subfield><subfield code="d">CH-ZuSLS</subfield></datafield><datafield ind1=" " ind2="7" tag="072"><subfield code="a">an</subfield><subfield code="2">rero</subfield></datafield><datafield ind1="1" ind2=" " tag="100"><subfield code="a">Shaw, George Bernard</subfield><subfield code="d">1856-1950</subfield><subfield code="0">(IDREF)027136388</subfield><subfield code="4">cre</subfield></datafield><datafield ind1="1" ind2="0" tag="245"><subfield code="a">Plays &amp; players</subfield><subfield code="b">essays on the theatre</subfield><subfield code="c">Bernard Shaw ; selected, with an introd. by A.C. Ward</subfield></datafield><datafield ind1="1" ind2=" " tag="246"><subfield code="a">Plays and players</subfield></datafield><datafield ind1=" " ind2="1" tag="264"><subfield code="a">London</subfield><subfield code="a">New York</subfield><subfield code="b">Oxford University Press</subfield><subfield code="c">[1955]</subfield></datafield><datafield ind1=" " ind2=" " tag="300"><subfield code="a">XV, 350 p.</subfield><subfield code="c">16 cm</subfield></datafield><datafield ind1=" " ind2=" " tag="336"><subfield code="b">txt</subfield><subfield code="2">rdacontent</subfield></datafield><datafield ind1=" " ind2=" " tag="337"><subfield code="b">n</subfield><subfield code="2">rdamedia</subfield></datafield><datafield ind1=" " ind2=" " tag="338"><subfield code="b">nc</subfield><subfield code="2">rdacarrier</subfield></datafield><datafield ind1="1" ind2=" " tag="490"><subfield code="a">The World's classics</subfield><subfield code="v">535</subfield></datafield><datafield ind1="0" ind2=" " tag="505"><subfield code="a">Two new plays -- Poor Shakespear! -- An old new play and a new old one -- Mr. Pinero's new play -- Duse and Bernhardt -- Romeo and Juliet -- The old acting and the new -- Plays of the week -- Michael and his lost angel -- The immortal William -- Henry IV -- The second dating of Sheridan -- 'The spacious times' -- Blaming the bard -- Little Eyolf -- Ibsen without tears -- Richard himself again -- Better than Shakespear -- Satan saved at last -- The new Ibsen play -- Olivia -- Shakespear in Manchester -- Meredith on comedy -- Mr. Pinero on turning forty -- Madame Sans-Gêne -- John Gabriel Borkman -- Ibsen triumphant -- Mainly about Shakespear -- Robertson redivivus -- Ghosts at the jubilee -- Hamlet -- Shakespear and Mr. Barrie -- Hamlet revisited -- Tappertit on Cæsar -- Mr. Pinero's past -- Beaumont and Fletcher -- Shakespear's merry gentlemen -- The drama in Hoxton -- Kate Terry -- G.B.S. vivisected -- Valedictory</subfield></datafield><datafield ind1=" " ind2="0" tag="650"><subfield code="a">Drama</subfield><subfield code="x">History and criticism</subfield></datafield><datafield ind1=" " ind2="0" tag="650"><subfield code="a">Theater</subfield><subfield code="z">England</subfield><subfield code="z">London</subfield><subfield code="x">History</subfield></datafield><datafield ind1=" " ind2=" " tag="830"><subfield code="a">Oxford world's classics</subfield><subfield code="v">535</subfield><subfield code="w">(RERO)0000096-41slsp</subfield></datafield><datafield ind1=" " ind2=" " tag="900"><subfield code="a">REROnoselfmerge</subfield></datafield><datafield ind1=" " ind2=" " tag="910"><subfield code="a">OCoLC</subfield><subfield code="b">20140722</subfield><subfield code="c">Droits réservés</subfield></datafield></record>
</metadata></record>