<record><header><identifier>oai:alma.41SLSP_UGE:991000785559705502</identifier><datestamp>2023-04-09T00:42:41Z</datestamp><setSpec>uge_bcen_RapidILL_BOOK</setSpec><setSpec>uge_aaca_RapidILL_BOOK</setSpec><setSpec>uge_abels_RapidILL_BOOK</setSpec><setSpec>uge_dbu_RapidILL_BOOK</setSpec><setSpec>uge_cmu_RapidILL_BOOK</setSpec><setSpec>uge_mail_RapidILL_BOOK</setSpec><setSpec>UNIGE_ALL</setSpec><setSpec>uge_abbat_RapidILL_BOOK</setSpec><setSpec>uge_acar_RapidILL_BOOK</setSpec><setSpec>uge_aobs_RapidILL_BOOK</setSpec></header><metadata>
<record xmlns="http://www.loc.gov/MARC21/slim" xmlns:xsi="http://www.w3.org/2001/XMLSchema-instance" xsi:schemaLocation="http://www.loc.gov/MARC21/slim http://www.loc.gov/standards/marcxml/schema/MARC21slim.xsd"><leader>01854nam a2200553uc 4500</leader><controlfield tag="001">991000785559705502</controlfield><controlfield tag="005">20230407192931.0</controlfield><controlfield tag="008">201011t19931993xxu    |      00| ||eng|d</controlfield><datafield ind1=" " ind2=" " tag="020"><subfield code="a">0671754572</subfield></datafield><datafield ind1=" " ind2=" " tag="035"><subfield code="a">(swissbib)226879534-41slsp_network</subfield></datafield><datafield ind1=" " ind2=" " tag="035"><subfield code="a">226879534</subfield><subfield code="9">ExL</subfield></datafield><datafield ind1=" " ind2=" " tag="035"><subfield code="a">(NEBIS)001263196EBI01</subfield></datafield><datafield ind1=" " ind2=" " tag="035"><subfield code="a">(RERO)1798199-41slsp</subfield></datafield><datafield ind1=" " ind2=" " tag="035"><subfield code="a">(IDSBB)000955590DSV01</subfield></datafield><datafield ind1=" " ind2=" " tag="035"><subfield code="a">(EXLNZ-41SLSP_NETWORK)991073977279705501</subfield></datafield><datafield ind1=" " ind2=" " tag="040"><subfield code="a">ZBZ</subfield><subfield code="b">ger</subfield><subfield code="e">ETHICS-ISBD</subfield><subfield code="d">CH-ZuSLS</subfield></datafield><datafield ind1=" " ind2=" " tag="044"><subfield code="a">xxu</subfield><subfield code="a">xxk</subfield></datafield><datafield ind1=" " ind2="7" tag="072"><subfield code="a">an</subfield><subfield code="2">rero</subfield></datafield><datafield ind1=" " ind2="7" tag="072"><subfield code="a">mu</subfield><subfield code="2">SzZuIDS BS/BE</subfield></datafield><datafield ind1="0" ind2="0" tag="082"><subfield code="a">782.1/092</subfield><subfield code="2">20</subfield></datafield><datafield ind1="0" ind2="4" tag="082"><subfield code="a">B</subfield><subfield code="2">20</subfield></datafield><datafield ind1="1" ind2="4" tag="082"><subfield code="a">780</subfield><subfield code="2">15</subfield></datafield><datafield ind1="1" ind2=" " tag="100"><subfield code="a">Koestenbaum, Wayne</subfield><subfield code="d">1958-</subfield><subfield code="0">(DE-588)135080606</subfield><subfield code="6">880-01</subfield></datafield><datafield ind1="1" ind2=" " tag="880"><subfield code="6">100-01</subfield><subfield code="a">Koestenbaum, Wayne</subfield><subfield code="d">1958-....</subfield><subfield code="0">(IDREF)091502926</subfield><subfield code="4">cre</subfield></datafield><datafield ind1="1" ind2="0" tag="245"><subfield code="a">&lt;&lt;The&gt;&gt; Queen's throat</subfield><subfield code="b">opera, homosexuality, and the mystery of desire</subfield><subfield code="c">Wayne Koestenbaum</subfield></datafield><datafield ind1=" " ind2="1" tag="264"><subfield code="a">New York [etc.]</subfield><subfield code="b">Poseidon Press</subfield><subfield code="c">[1993]</subfield></datafield><datafield ind1=" " ind2="4" tag="264"><subfield code="c">© 1993</subfield></datafield><datafield ind1=" " ind2=" " tag="300"><subfield code="a">271 p.</subfield><subfield code="b">ill.</subfield><subfield code="c">24 cm</subfield></datafield><datafield ind1=" " ind2=" " tag="336"><subfield code="b">txt</subfield><subfield code="2">rdacontent</subfield></datafield><datafield ind1=" " ind2=" " tag="337"><subfield code="b">n</subfield><subfield code="2">rdamedia</subfield></datafield><datafield ind1=" " ind2=" " tag="338"><subfield code="b">nc</subfield><subfield code="2">rdacarrier</subfield></datafield><datafield ind1=" " ind2=" " tag="504"><subfield code="a">Includes bibliographical references (243-255 p.) and index</subfield></datafield><datafield ind1="1" ind2="0" tag="600"><subfield code="a">Koestenbaum, Wayne</subfield></datafield><datafield ind1=" " ind2="7" tag="650"><subfield code="a">Homosexualität</subfield><subfield code="2">idszbz</subfield></datafield><datafield ind1=" " ind2="7" tag="650"><subfield code="a">Oper</subfield><subfield code="2">idszbz</subfield></datafield><datafield ind1=" " ind2="7" tag="650"><subfield code="a">Homosexueller</subfield><subfield code="0">(DE-588)4025801-4</subfield><subfield code="2">gnd</subfield></datafield><datafield ind1=" " ind2="7" tag="650"><subfield code="a">Oper</subfield><subfield code="0">(DE-588)4043582-9</subfield><subfield code="2">gnd</subfield></datafield><datafield ind1=" " ind2="0" tag="650"><subfield code="a">Gay men</subfield><subfield code="v">Biography</subfield></datafield><datafield ind1=" " ind2="0" tag="650"><subfield code="a">Opera</subfield><subfield code="v">Biography</subfield></datafield><datafield ind1=" " ind2="0" tag="650"><subfield code="a">Opera</subfield><subfield code="x">Social aspects</subfield></datafield><datafield ind1=" " ind2="0" tag="650"><subfield code="a">Sex in music</subfield></datafield><datafield ind1=" " ind2="7" tag="650"><subfield code="a">Homosexualité masculine</subfield><subfield code="0">(IDREF)027233987</subfield><subfield code="2">idref</subfield></datafield><datafield ind1=" " ind2="7" tag="650"><subfield code="a">Opéra</subfield><subfield code="0">(IDREF)027294188</subfield><subfield code="2">idref</subfield></datafield><datafield ind1=" " ind2="7" tag="650"><subfield code="a">Cantatrices</subfield><subfield code="0">(IDREF)027312453</subfield><subfield code="2">idref</subfield></datafield><datafield ind1=" " ind2="7" tag="650"><subfield code="a">Oper</subfield><subfield code="x">Sexualität</subfield><subfield code="2">idsbb</subfield></datafield><datafield ind1=" " ind2="7" tag="650"><subfield code="a">Sexualität</subfield><subfield code="x">Oper</subfield><subfield code="2">idsbb</subfield></datafield><datafield ind1=" " ind2="7" tag="650"><subfield code="a">Oper</subfield><subfield code="x">Homosexualität</subfield><subfield code="2">idsbb</subfield></datafield><datafield ind1=" " ind2="7" tag="650"><subfield code="a">Homosexualität</subfield><subfield code="x">Oper</subfield><subfield code="2">idsbb</subfield></datafield><datafield ind1=" " ind2="7" tag="655"><subfield code="a">Aufsatzsammlung</subfield><subfield code="2">idszbz</subfield></datafield><datafield ind1=" " ind2=" " tag="900"><subfield code="a">REROnoselfmerge</subfield></datafield></record>
</metadata></record>