<record><header><identifier>oai:alma.41SLSP_UGE:991000785039705502</identifier><datestamp>2023-03-01T01:09:48Z</datestamp><setSpec>uge_bcen_RapidILL_BOOK</setSpec><setSpec>uge_aaca_RapidILL_BOOK</setSpec><setSpec>uge_abels_RapidILL_BOOK</setSpec><setSpec>uge_dbu_RapidILL_BOOK</setSpec><setSpec>uge_cmu_RapidILL_BOOK</setSpec><setSpec>uge_mail_RapidILL_BOOK</setSpec><setSpec>UNIGE_ALL</setSpec><setSpec>uge_abbat_RapidILL_BOOK</setSpec><setSpec>uge_aobs_RapidILL_BOOK</setSpec><setSpec>uge_acar_RapidILL_BOOK</setSpec></header><metadata>
<record xmlns="http://www.loc.gov/MARC21/slim" xmlns:xsi="http://www.w3.org/2001/XMLSchema-instance" xsi:schemaLocation="http://www.loc.gov/MARC21/slim http://www.loc.gov/standards/marcxml/schema/MARC21slim.xsd"><leader>01174nam a2200325 c 4500</leader><controlfield tag="001">991000785039705502</controlfield><controlfield tag="005">20201227134508.0</controlfield><controlfield tag="008">011211s1998    si ||||| |||| 00| ||eng d</controlfield><datafield ind1=" " ind2=" " tag="020"><subfield code="a">9810216513</subfield></datafield><datafield ind1=" " ind2=" " tag="035"><subfield code="a">(swissbib)097392057-41slsp_network</subfield></datafield><datafield ind1=" " ind2=" " tag="035"><subfield code="a">097392057</subfield><subfield code="9">ExL</subfield></datafield><datafield ind1=" " ind2=" " tag="035"><subfield code="a">(RERO)R003126867-41slsp</subfield></datafield><datafield ind1=" " ind2=" " tag="035"><subfield code="a">(EXLNZ-41SLSP_NETWORK)991018619459705501</subfield></datafield><datafield ind1=" " ind2=" " tag="040"><subfield code="a">RERO geussp</subfield><subfield code="d">CH-ZuSLS</subfield></datafield><datafield ind1=" " ind2="7" tag="072"><subfield code="a">ma</subfield><subfield code="2">rero</subfield></datafield><datafield ind1=" " ind2="7" tag="072"><subfield code="a">py</subfield><subfield code="2">rero</subfield></datafield><datafield ind1="1" ind2=" " tag="100"><subfield code="a">Coffey, William Thomas</subfield><subfield code="0">(RERO)A008643370</subfield><subfield code="4">cre</subfield></datafield><datafield ind1="1" ind2="0" tag="245"><subfield code="a">&lt;&lt;The&gt;&gt; Langevin equation</subfield><subfield code="b">with applications in physics, chemistry and electrical engineering</subfield><subfield code="c">W.T. Coffey, Yu.P. Kalmykov, J.T. Waldron</subfield></datafield><datafield ind1=" " ind2=" " tag="250"><subfield code="a">Reprinted</subfield></datafield><datafield ind1=" " ind2="1" tag="264"><subfield code="a">Singapore [etc.]</subfield><subfield code="b">World Scientific</subfield><subfield code="c">[1998]</subfield></datafield><datafield ind1=" " ind2="4" tag="264"><subfield code="c">© 1998</subfield></datafield><datafield ind1=" " ind2=" " tag="300"><subfield code="a">XIII, 413 p.</subfield><subfield code="b">ill.</subfield><subfield code="c">23 cm</subfield></datafield><datafield ind1=" " ind2=" " tag="336"><subfield code="b">txt</subfield><subfield code="2">rdacontent</subfield></datafield><datafield ind1=" " ind2=" " tag="337"><subfield code="b">n</subfield><subfield code="2">rdamedia</subfield></datafield><datafield ind1=" " ind2=" " tag="338"><subfield code="b">nc</subfield><subfield code="2">rdacarrier</subfield></datafield><datafield ind1="1" ind2=" " tag="490"><subfield code="a">World Scientific series in contemporary chemical physics</subfield><subfield code="v">vol. 11</subfield></datafield><datafield ind1=" " ind2=" " tag="504"><subfield code="a">Bibliogr</subfield></datafield><datafield ind1="1" ind2=" " tag="700"><subfield code="a">Kalmykov, Yuri P.</subfield><subfield code="c">enseignant-chercheur en physique</subfield><subfield code="d">1954-....</subfield><subfield code="0">(IDREF)034950427</subfield></datafield><datafield ind1="1" ind2=" " tag="700"><subfield code="a">Waldron, J.T</subfield><subfield code="0">(RERO)A008643347</subfield></datafield><datafield ind1=" " ind2=" " tag="830"><subfield code="a">World scientific series in contemporary chemical physics</subfield><subfield code="v">11</subfield><subfield code="w">(RERO)R245114460-41slsp</subfield></datafield><datafield ind1=" " ind2=" " tag="900"><subfield code="a">REROnoselfmerge</subfield></datafield></record>
</metadata></record>