<record><header><identifier>oai:alma.41SLSP_UGE:991000785659705502</identifier><datestamp>2023-03-27T00:12:55Z</datestamp><setSpec>uge_bcen_RapidILL_BOOK</setSpec><setSpec>uge_aaca_RapidILL_BOOK</setSpec><setSpec>uge_abels_RapidILL_BOOK</setSpec><setSpec>uge_dbu_RapidILL_BOOK</setSpec><setSpec>uge_cmu_RapidILL_BOOK</setSpec><setSpec>uge_mail_RapidILL_BOOK</setSpec><setSpec>uge_abbat_RapidILL_BOOK</setSpec><setSpec>UNIGE_ALL</setSpec><setSpec>uge_acar_RapidILL_BOOK</setSpec><setSpec>uge_aobs_RapidILL_BOOK</setSpec></header><metadata>
<record xmlns="http://www.loc.gov/MARC21/slim" xmlns:xsi="http://www.w3.org/2001/XMLSchema-instance" xsi:schemaLocation="http://www.loc.gov/MARC21/slim http://www.loc.gov/standards/marcxml/schema/MARC21slim.xsd"><leader>01285nam a2200349 c 4500</leader><controlfield tag="001">991000785659705502</controlfield><controlfield tag="005">20230326200845.0</controlfield><controlfield tag="008">120907s1991    sp ||||| |||| 00| ||spa d</controlfield><datafield ind1=" " ind2=" " tag="020"><subfield code="a">9788476582657</subfield></datafield><datafield ind1=" " ind2=" " tag="035"><subfield code="a">(swissbib)116375574-41slsp_network</subfield></datafield><datafield ind1=" " ind2=" " tag="035"><subfield code="a">116375574</subfield><subfield code="9">ExL</subfield></datafield><datafield ind1=" " ind2=" " tag="035"><subfield code="a">(RERO)R007137486-41slsp</subfield></datafield><datafield ind1=" " ind2=" " tag="035"><subfield code="a">(EXLNZ-41SLSP_NETWORK)991147418519705501</subfield></datafield><datafield ind1=" " ind2=" " tag="040"><subfield code="a">BNM</subfield><subfield code="d">CH-ZuSLS</subfield></datafield><datafield ind1="1" ind2=" " tag="041"><subfield code="a">spa</subfield><subfield code="h">fre</subfield></datafield><datafield ind1=" " ind2="7" tag="072"><subfield code="a">ps</subfield><subfield code="2">rero</subfield></datafield><datafield ind1=" " ind2=" " tag="080"><subfield code="a">316.6(042)</subfield></datafield><datafield ind1="0" ind2="0" tag="245"><subfield code="a">&lt;&lt;La&gt;&gt; influencia social inconsciente</subfield><subfield code="b">: estudios de psicología social experimental</subfield><subfield code="c">(eds. ) Sergie Moscovici... [et al.]</subfield></datafield><datafield ind1=" " ind2="1" tag="264"><subfield code="a">Barcelona</subfield><subfield code="b">Anthropos</subfield><subfield code="c">1991</subfield></datafield><datafield ind1=" " ind2=" " tag="300"><subfield code="a">366 p.</subfield></datafield><datafield ind1=" " ind2=" " tag="336"><subfield code="b">txt</subfield><subfield code="2">rdacontent</subfield></datafield><datafield ind1=" " ind2=" " tag="337"><subfield code="b">n</subfield><subfield code="2">rdamedia</subfield></datafield><datafield ind1=" " ind2=" " tag="338"><subfield code="b">nc</subfield><subfield code="2">rdacarrier</subfield></datafield><datafield ind1="1" ind2=" " tag="490"><subfield code="a">Autores, textos y temas. Psicología</subfield><subfield code="v">14</subfield></datafield><datafield ind1=" " ind2=" " tag="500"><subfield code="a">Titre original : Psychologie de la conversion. Etudes sur l'influence inconsciente</subfield></datafield><datafield ind1=" " ind2=" " tag="504"><subfield code="a">Bibliografía : p. 345-361.</subfield></datafield><datafield ind1=" " ind2="7" tag="650"><subfield code="a">Conversion religieuse</subfield><subfield code="0">(IDREF)027366383</subfield><subfield code="2">idref</subfield></datafield><datafield ind1=" " ind2="7" tag="650"><subfield code="a">Psychologie</subfield><subfield code="0">(IDREF)027346900</subfield><subfield code="2">idref</subfield></datafield><datafield ind1=" " ind2="7" tag="650"><subfield code="a">Influence</subfield><subfield code="0">(IDREF)027791246</subfield><subfield code="2">idref</subfield></datafield><datafield ind1="1" ind2=" " tag="700"><subfield code="a">Moscovici, Serge</subfield><subfield code="d">1925-2014</subfield><subfield code="0">(IDREF)027039641</subfield></datafield><datafield ind1=" " ind2=" " tag="830"><subfield code="a">Autores, textos y temas</subfield><subfield code="p">Psicología</subfield><subfield code="v">14</subfield><subfield code="w">(RERO)1738070-41slsp</subfield></datafield><datafield ind1=" " ind2=" " tag="900"><subfield code="a">REROnoselfmerge</subfield></datafield><datafield ind1=" " ind2=" " tag="910"><subfield code="a">OCoLC</subfield><subfield code="b">20120907</subfield><subfield code="c">Droits réservés</subfield></datafield></record>
</metadata></record>