<record><header><identifier>oai:alma.41SLSP_UGE:991000785359705502</identifier><datestamp>2023-05-23T00:13:00Z</datestamp><setSpec>uge_bcen_RapidILL_BOOK</setSpec><setSpec>uge_aaca_RapidILL_BOOK</setSpec><setSpec>uge_abels_RapidILL_BOOK</setSpec><setSpec>uge_dbu_RapidILL_BOOK</setSpec><setSpec>uge_cmu_RapidILL_BOOK</setSpec><setSpec>uge_mail_RapidILL_BOOK</setSpec><setSpec>uge_abbat_RapidILL_BOOK</setSpec><setSpec>UNIGE_ALL</setSpec><setSpec>uge_aobs_RapidILL_BOOK</setSpec><setSpec>uge_acar_RapidILL_BOOK</setSpec></header><metadata>
<record xmlns="http://www.loc.gov/MARC21/slim" xmlns:xsi="http://www.w3.org/2001/XMLSchema-instance" xsi:schemaLocation="http://www.loc.gov/MARC21/slim http://www.loc.gov/standards/marcxml/schema/MARC21slim.xsd"><leader>02385nam a2200577 c 4500</leader><controlfield tag="001">991000785359705502</controlfield><controlfield tag="005">20230516185424.0</controlfield><controlfield tag="008">201011t19921992xxu||||| |||| 10| ||eng d</controlfield><datafield ind1=" " ind2=" " tag="020"><subfield code="a">0691032114</subfield><subfield code="q">cl</subfield></datafield><datafield ind1=" " ind2=" " tag="020"><subfield code="a">0691000387</subfield><subfield code="q">pbk.</subfield></datafield><datafield ind1=" " ind2=" " tag="020"><subfield code="a">0691032114</subfield><subfield code="q">cl</subfield></datafield><datafield ind1=" " ind2=" " tag="035"><subfield code="a">(swissbib)228444195-41slsp_network</subfield></datafield><datafield ind1=" " ind2=" " tag="035"><subfield code="a">228444195</subfield><subfield code="9">ExL</subfield></datafield><datafield ind1=" " ind2=" " tag="035"><subfield code="a">(RERO)1713778-41slsp</subfield></datafield><datafield ind1=" " ind2=" " tag="035"><subfield code="a">(NEBIS)001285019EBI01</subfield></datafield><datafield ind1=" " ind2=" " tag="035"><subfield code="a">(EXLNZ-41SLSP_NETWORK)991107029639705501</subfield></datafield><datafield ind1=" " ind2=" " tag="040"><subfield code="a">RERO labcud</subfield><subfield code="d">CH-ZuSLS</subfield></datafield><datafield ind1=" " ind2="7" tag="072"><subfield code="a">ba</subfield><subfield code="2">rero</subfield></datafield><datafield ind1="0" ind2="0" tag="082"><subfield code="a">730/.9414/86</subfield><subfield code="2">20</subfield></datafield><datafield ind1="0" ind2="4" tag="082"><subfield code="a">736.5</subfield><subfield code="2">20</subfield></datafield><datafield ind1="0" ind2="0" tag="245"><subfield code="a">&lt;&lt;The&gt;&gt; Ruthwell Cross</subfield><subfield code="b">papers from the colloquium sponsored by the Index of Christian Art, Princeton University, 8 December 1989</subfield><subfield code="c">edited by Brendan Cassidy</subfield></datafield><datafield ind1=" " ind2="1" tag="264"><subfield code="a">Princeton, N.J.</subfield><subfield code="b">Princeton University Press</subfield><subfield code="c">[1992]</subfield></datafield><datafield ind1=" " ind2="4" tag="264"><subfield code="c">©1992</subfield></datafield><datafield ind1=" " ind2=" " tag="300"><subfield code="a">XIV, 205 p.</subfield><subfield code="b">ill.</subfield><subfield code="c">28 cm</subfield></datafield><datafield ind1=" " ind2=" " tag="336"><subfield code="b">txt</subfield><subfield code="2">rdacontent</subfield></datafield><datafield ind1=" " ind2=" " tag="337"><subfield code="b">n</subfield><subfield code="2">rdamedia</subfield></datafield><datafield ind1=" " ind2=" " tag="338"><subfield code="b">nc</subfield><subfield code="2">rdacarrier</subfield></datafield><datafield ind1="1" ind2=" " tag="490"><subfield code="a">Occasional papers / Index of Christian Art</subfield><subfield code="v">1</subfield></datafield><datafield ind1=" " ind2=" " tag="504"><subfield code="a">Includes bibliographical references (p. [167]-199) and index</subfield></datafield><datafield ind1="0" ind2="7" tag="630"><subfield code="a">Ruthwell Cross</subfield><subfield code="0">(DE-588)7515467-5</subfield><subfield code="2">gnd</subfield></datafield><datafield ind1=" " ind2="7" tag="650"><subfield code="a">Croix</subfield><subfield code="0">(IDREF)027231267</subfield><subfield code="2">idref</subfield></datafield><datafield ind1=" " ind2="7" tag="650"><subfield code="a">5e siècle-10e siècle</subfield><subfield code="2">idref</subfield></datafield><datafield ind1=" " ind2="7" tag="650"><subfield code="a">Steinkreuz</subfield><subfield code="2">idszbz</subfield></datafield><datafield ind1=" " ind2="7" tag="650"><subfield code="a">Angelsachsen</subfield><subfield code="0">(DE-588)4002009-5</subfield><subfield code="2">gnd</subfield></datafield><datafield ind1=" " ind2="7" tag="650"><subfield code="a">Hochkreuz</subfield><subfield code="0">(DE-588)4160158-0</subfield><subfield code="2">gnd</subfield></datafield><datafield ind1=" " ind2="0" tag="650"><subfield code="a">Art, Anglo-Saxon</subfield><subfield code="z">Scotland</subfield><subfield code="z">Ruthwell</subfield><subfield code="v">Congresses</subfield></datafield><datafield ind1=" " ind2="0" tag="650"><subfield code="a">Christian art and symbolism</subfield><subfield code="z">Scotland</subfield><subfield code="z">Ruthwell</subfield><subfield code="y">Medieval, 500-1500</subfield><subfield code="v">Congresses</subfield></datafield><datafield ind1=" " ind2="0" tag="650"><subfield code="a">Crosses</subfield><subfield code="z">Scotland</subfield><subfield code="z">Ruthwell</subfield><subfield code="v">Congresses</subfield></datafield><datafield ind1=" " ind2="0" tag="650"><subfield code="a">Ruthwell Cross</subfield><subfield code="v">Congresses</subfield></datafield><datafield ind1=" " ind2="0" tag="650"><subfield code="a">Sculpture, Anglo-Saxon</subfield><subfield code="z">Scotland</subfield><subfield code="z">Ruthwell</subfield><subfield code="v">Congresses</subfield></datafield><datafield ind1=" " ind2="7" tag="651"><subfield code="a">Ruthwell (Grande-Bretagne)</subfield><subfield code="0">(RERO)A011899615</subfield><subfield code="2">rero</subfield></datafield><datafield ind1=" " ind2="7" tag="651"><subfield code="a">Großbritannien</subfield><subfield code="2">idszbz</subfield></datafield><datafield ind1=" " ind2="7" tag="651"><subfield code="a">Ruthwell</subfield><subfield code="2">idszbz</subfield></datafield><datafield ind1=" " ind2="0" tag="651"><subfield code="a">Ruthwell (Scotland)</subfield><subfield code="x">Antiquities</subfield><subfield code="v">Congresses</subfield></datafield><datafield ind1=" " ind2="7" tag="655"><subfield code="a">Aufsatzsammlung</subfield><subfield code="2">idszbz</subfield></datafield><datafield ind1=" " ind2=" " tag="690"><subfield code="a">Kongress. USA. Princeton</subfield><subfield code="2">uzb-US</subfield></datafield><datafield ind1=" " ind2=" " tag="690"><subfield code="a">Plastik. Angelsächsische Kunst</subfield><subfield code="2">uzb-US</subfield></datafield><datafield ind1=" " ind2=" " tag="690"><subfield code="a">Ruthwell. Plastik. Kreuz</subfield><subfield code="2">uzb-US</subfield></datafield><datafield ind1=" " ind2="7" tag="651"><subfield code="a">Grande-Bretagne</subfield><subfield code="y">449-1066 (Période anglo-saxonne)</subfield><subfield code="0">(IDREF)02728686X</subfield><subfield code="2">idref</subfield></datafield><datafield ind1="1" ind2=" " tag="700"><subfield code="a">Cassidy, Brendan</subfield><subfield code="0">(IDREF)072301570</subfield></datafield><datafield ind1="2" ind2=" " tag="710"><subfield code="a">Princeton University</subfield><subfield code="b">Index of Christian Art</subfield><subfield code="b">Colloquium</subfield><subfield code="d">1989</subfield><subfield code="c">Princeton N.J.</subfield><subfield code="0">(RERO)A012456417</subfield></datafield><datafield ind1=" " ind2="0" tag="830"><subfield code="a">Occasional papers</subfield><subfield code="v">1</subfield><subfield code="w">(NEBIS)001000869EBI01</subfield></datafield><datafield ind1=" " ind2=" " tag="993"><subfield code="a">BFLB 12376/1</subfield><subfield code="x">ge/ulha/a/94</subfield><subfield code="9">LOCAL</subfield></datafield></record>
</metadata></record>