<record><header><identifier>oai:alma.41SLSP_UGE:991000785439705502</identifier><datestamp>2024-03-20T02:50:22Z</datestamp><setSpec>uge_bcen_RapidILL_BOOK</setSpec><setSpec>uge_aaca_RapidILL_BOOK</setSpec><setSpec>uge_abels_RapidILL_BOOK</setSpec><setSpec>uge_dbu_RapidILL_BOOK</setSpec><setSpec>uge_cmu_RapidILL_BOOK</setSpec><setSpec>uge_mail_RapidILL_BOOK</setSpec><setSpec>uge_abbat_RapidILL_BOOK</setSpec><setSpec>UNIGE_ALL</setSpec><setSpec>uge_aobs_RapidILL_BOOK</setSpec><setSpec>uge_acar_RapidILL_BOOK</setSpec></header><metadata>
<record xmlns="http://www.loc.gov/MARC21/slim" xmlns:xsi="http://www.w3.org/2001/XMLSchema-instance" xsi:schemaLocation="http://www.loc.gov/MARC21/slim http://www.loc.gov/standards/marcxml/schema/MARC21slim.xsd"><leader>01206nam a2200265 c 4500</leader><controlfield tag="001">991000785439705502</controlfield><controlfield tag="005">20240319214613.0</controlfield><controlfield tag="008">190508s1705    fr ||||| |||| 00| ||fre d</controlfield><datafield ind1=" " ind2=" " tag="035"><subfield code="a">(swissbib)12566902X-41slsp_network</subfield></datafield><datafield ind1=" " ind2=" " tag="035"><subfield code="a">12566902X</subfield><subfield code="9">ExL</subfield></datafield><datafield ind1=" " ind2=" " tag="035"><subfield code="a">(RERO)R008922681-41slsp</subfield></datafield><datafield ind1=" " ind2=" " tag="035"><subfield code="a">(EXLNZ-41SLSP_NETWORK)991079445949705501</subfield></datafield><datafield ind1=" " ind2=" " tag="040"><subfield code="a">RERO geuchr</subfield><subfield code="d">CH-ZuSLS</subfield></datafield><datafield ind1=" " ind2="7" tag="072"><subfield code="a">th</subfield><subfield code="2">rero</subfield></datafield><datafield ind1="1" ind2=" " tag="100"><subfield code="a">Feuillet, Nicolas</subfield><subfield code="d">1622-1693</subfield><subfield code="4">aut</subfield></datafield><datafield ind1="1" ind2="0" tag="245"><subfield code="a">Histoire abrégée de la conversion de Monsieur Chanteau</subfield><subfield code="c">écrite par feu M. Feuillet, chanoine de saint Cloud</subfield></datafield><datafield ind1=" " ind2=" " tag="250"><subfield code="a">Nouvelle édition, corrigée &amp; augmentée</subfield></datafield><datafield ind1=" " ind2="1" tag="264"><subfield code="a">A Paris</subfield><subfield code="b">chez Guillaume Vandive, ruë S. Jacques, au Dauphin couronné</subfield><subfield code="c">1705</subfield></datafield><datafield ind1=" " ind2=" " tag="300"><subfield code="a">[5] f., 184 p</subfield><subfield code="c">12° (15 cm)</subfield></datafield><datafield ind1=" " ind2=" " tag="336"><subfield code="b">txt</subfield><subfield code="2">rdacontent</subfield></datafield><datafield ind1=" " ind2=" " tag="337"><subfield code="b">n</subfield><subfield code="2">rdamedia</subfield></datafield><datafield ind1=" " ind2=" " tag="338"><subfield code="b">nc</subfield><subfield code="2">rdacarrier</subfield></datafield><datafield ind1="0" ind2=" " tag="505"><subfield code="a">Sermon pour le dimanche des Rameaux de la véritable et de la fausse pénitence ; Lettre de Monsieur Feuillet, chanoine de s. Cloud à Monsieur le duc d'Orléans... ;  Harangue de Monsieur Feuillet, chanoine de s. Cloud à la reine d'Espagne</subfield></datafield><datafield ind1="1" ind2=" " tag="700"><subfield code="a">Vandive, Guillaume</subfield><subfield code="d">1679?-1706?</subfield><subfield code="0">(IDREF)033642109</subfield><subfield code="4">prt</subfield></datafield><datafield ind1=" " ind2=" " tag="751"><subfield code="a">Paris (France)</subfield><subfield code="4">pup</subfield><subfield code="0">(IDREF)027244520</subfield></datafield><datafield ind1=" " ind2=" " tag="900"><subfield code="a">REROswissbibnomerge</subfield></datafield><datafield ind1=" " ind2=" " tag="993"><subfield code="a">MHR Vc 58</subfield><subfield code="x">ge/mhr-/9755</subfield><subfield code="9">LOCAL</subfield></datafield></record>
</metadata></record>