<record><header><identifier>oai:alma.41SLSP_UGE:991000785759705502</identifier><datestamp>2023-03-01T01:09:48Z</datestamp><setSpec>uge_bcen_RapidILL_BOOK</setSpec><setSpec>uge_aaca_RapidILL_BOOK</setSpec><setSpec>uge_abels_RapidILL_BOOK</setSpec><setSpec>uge_dbu_RapidILL_BOOK</setSpec><setSpec>uge_cmu_RapidILL_BOOK</setSpec><setSpec>uge_mail_RapidILL_BOOK</setSpec><setSpec>UNIGE_ALL</setSpec><setSpec>uge_abbat_RapidILL_BOOK</setSpec><setSpec>uge_aobs_RapidILL_BOOK</setSpec><setSpec>uge_acar_RapidILL_BOOK</setSpec></header><metadata>
<record xmlns="http://www.loc.gov/MARC21/slim" xmlns:xsi="http://www.w3.org/2001/XMLSchema-instance" xsi:schemaLocation="http://www.loc.gov/MARC21/slim http://www.loc.gov/standards/marcxml/schema/MARC21slim.xsd"><leader>01432nam a2200361 c 4500</leader><controlfield tag="001">991000785759705502</controlfield><controlfield tag="005">20230123201109.0</controlfield><controlfield tag="008">201012s1936    pl ||||| |||| 00| ||fre d</controlfield><datafield ind1=" " ind2=" " tag="035"><subfield code="a">(swissbib)23913530X-41slsp_network</subfield></datafield><datafield ind1=" " ind2=" " tag="035"><subfield code="a">23913530X</subfield><subfield code="9">ExL</subfield></datafield><datafield ind1=" " ind2=" " tag="035"><subfield code="a">(RERO)1905371-41slsp</subfield></datafield><datafield ind1=" " ind2=" " tag="035"><subfield code="a">(NEBIS)009481038EBI01</subfield></datafield><datafield ind1=" " ind2=" " tag="035"><subfield code="a">(EXLNZ-41SLSP_NETWORK)991157654439705501</subfield></datafield><datafield ind1=" " ind2=" " tag="040"><subfield code="a">RERO geulsa</subfield><subfield code="d">CH-ZuSLS</subfield></datafield><datafield ind1=" " ind2="7" tag="072"><subfield code="a">ar</subfield><subfield code="2">rero</subfield></datafield><datafield ind1="1" ind2=" " tag="080"><subfield code="a">904:738</subfield></datafield><datafield ind1="1" ind2=" " tag="100"><subfield code="a">Bulanda, Edmund</subfield><subfield code="0">(IDREF)075101874</subfield><subfield code="4">cre</subfield></datafield><datafield ind1="1" ind2="0" tag="245"><subfield code="a">Collections diverses</subfield><subfield code="b">Varsovie, Wilanów, Poznań, Wilno, etc.</subfield><subfield code="c">par Edmund Bulanda &amp; Kazimierz Bulas</subfield></datafield><datafield ind1=" " ind2="1" tag="264"><subfield code="a">Cracovie</subfield><subfield code="b">Académie polonaise des sciences et des lettres</subfield><subfield code="a">Varsovie [etc.]</subfield><subfield code="b">Libr. Gebethner et Wolff</subfield><subfield code="c">1936</subfield></datafield><datafield ind1=" " ind2=" " tag="300"><subfield code="a">1 vol. (97 p.)</subfield><subfield code="c">33 cm</subfield><subfield code="e">33 pl. dans un emboîtage</subfield></datafield><datafield ind1=" " ind2=" " tag="336"><subfield code="b">txt</subfield><subfield code="2">rdacontent</subfield></datafield><datafield ind1=" " ind2=" " tag="337"><subfield code="b">n</subfield><subfield code="2">rdamedia</subfield></datafield><datafield ind1=" " ind2=" " tag="338"><subfield code="b">nc</subfield><subfield code="2">rdacarrier</subfield></datafield><datafield ind1="1" ind2=" " tag="490"><subfield code="a">Corpus vasorum antiquorum. Pologne</subfield><subfield code="v">fasc. 3</subfield></datafield><datafield ind1=" " ind2="7" tag="650"><subfield code="a">Céramique</subfield><subfield code="0">(IDREF)027277399</subfield><subfield code="2">idref</subfield></datafield><datafield ind1=" " ind2="7" tag="650"><subfield code="a">Musées</subfield><subfield code="0">(IDREF)02733001X</subfield><subfield code="2">idref</subfield></datafield><datafield ind1=" " ind2="7" tag="650"><subfield code="a">Antiquité</subfield><subfield code="0">(IDREF)027789888</subfield><subfield code="2">idref</subfield></datafield><datafield ind1=" " ind2="7" tag="651"><subfield code="a">Pologne</subfield><subfield code="0">(IDREF)027243222</subfield><subfield code="2">idref</subfield></datafield><datafield ind1=" " ind2="7" tag="655"><subfield code="a">Catalogues</subfield><subfield code="0">(IDREF)027793222</subfield><subfield code="2">idref</subfield></datafield><datafield ind1="1" ind2=" " tag="700"><subfield code="a">Bulas, Kazimierz</subfield><subfield code="d">19..-....</subfield><subfield code="0">(IDREF)075101548</subfield></datafield><datafield ind1=" " ind2=" " tag="830"><subfield code="a">Corpus vasorum antiquorum</subfield><subfield code="p">Pologne</subfield><subfield code="v">3</subfield><subfield code="w">(RERO)1882950-41slsp</subfield></datafield><datafield ind1=" " ind2=" " tag="830"><subfield code="a">Corpus vasorum antiquorum</subfield><subfield code="p">Pologne=Poland</subfield><subfield code="v">3</subfield><subfield code="w">(NEBIS)010111233EBI01</subfield></datafield><datafield ind1=" " ind2=" " tag="900"><subfield code="a">REROnoselfmerge</subfield></datafield><datafield ind1=" " ind2=" " tag="900"><subfield code="f">IDSU2medea</subfield></datafield></record>
</metadata></record>