<record><header><identifier>oai:alma.41SLSP_UGE:991000795789705502</identifier><datestamp>2023-06-26T00:14:20Z</datestamp><setSpec>UNIGE_ALL</setSpec></header><metadata>
<record xmlns="http://www.loc.gov/MARC21/slim" xmlns:xsi="http://www.w3.org/2001/XMLSchema-instance" xsi:schemaLocation="http://www.loc.gov/MARC21/slim http://www.loc.gov/standards/marcxml/schema/MARC21slim.xsd"><leader>02165ngm a2200397 c 4500</leader><controlfield tag="001">991000795789705502</controlfield><controlfield tag="005">20230625183816.0</controlfield><controlfield tag="007">vd |v||||</controlfield><controlfield tag="008">181129s2018    fr ||| |          v|eng d</controlfield><datafield ind1="4" ind2="2" tag="028"><subfield code="a">MEF2316401</subfield></datafield><datafield ind1="4" ind2="2" tag="028"><subfield code="a">3512392316401</subfield></datafield><datafield ind1=" " ind2=" " tag="035"><subfield code="a">(swissbib)125303777-41slsp_network</subfield></datafield><datafield ind1=" " ind2=" " tag="035"><subfield code="a">125303777</subfield><subfield code="9">ExL</subfield></datafield><datafield ind1=" " ind2=" " tag="035"><subfield code="a">(RERO)R008871590-41slsp</subfield></datafield><datafield ind1=" " ind2=" " tag="035"><subfield code="a">(EXLNZ-41SLSP_NETWORK)991064053129705501</subfield></datafield><datafield ind1=" " ind2=" " tag="040"><subfield code="a">RERO frbcuc</subfield><subfield code="d">CH-ZuSLS</subfield></datafield><datafield ind1="1" ind2=" " tag="041"><subfield code="a">eng</subfield><subfield code="a">fre</subfield><subfield code="h">eng</subfield></datafield><datafield ind1=" " ind2="7" tag="072"><subfield code="a">ba</subfield><subfield code="2">rero</subfield></datafield><datafield ind1="0" ind2="0" tag="245"><subfield code="a">Don't worry, he won't get far on foot</subfield><subfield code="c">un film de Gus Van Sant ; d'après le livre de John Callahan ; musique Danny Elfman</subfield></datafield><datafield ind1=" " ind2="1" tag="264"><subfield code="a">[Paris]</subfield><subfield code="b">Metropolitan Filmexport</subfield><subfield code="c">2018</subfield></datafield><datafield ind1=" " ind2=" " tag="300"><subfield code="a">1 DVD vidéo (ca. 111 min)</subfield></datafield><datafield ind1=" " ind2=" " tag="336"><subfield code="b">tdi</subfield><subfield code="2">rdacontent</subfield></datafield><datafield ind1=" " ind2=" " tag="337"><subfield code="b">v</subfield><subfield code="2">rdamedia</subfield></datafield><datafield ind1=" " ind2=" " tag="338"><subfield code="b">vd</subfield><subfield code="2">rdacarrier</subfield></datafield><datafield ind1=" " ind2=" " tag="385"><subfield code="a">Dès 16 ans</subfield><subfield code="2">rero</subfield></datafield><datafield ind1=" " ind2=" " tag="385"><subfield code="a">Dès 12 ans</subfield><subfield code="2">rero</subfield></datafield><datafield ind1=" " ind2=" " tag="500"><subfield code="a">Une prod.: Amazon Studios - Iconoclast/Anonymous Content, 2018</subfield></datafield><datafield ind1=" " ind2=" " tag="500"><subfield code="a">Choix de langues: Français, anglais. Sous-titres: Français</subfield></datafield><datafield ind1="0" ind2=" " tag="505"><subfield code="a">Rencontre exclusive avec Gus Van Sant et Joaquin Phoenix. -  Making of adaptation. - Dexter . - Donnie . - John Callahan . - Santina</subfield></datafield><datafield ind1="0" ind2=" " tag="511"><subfield code="a">Joaquin Phoenix ; Jonah Hill ; Rooney Mara ; Jack Black ... et al.</subfield></datafield><datafield ind1="8" ind2=" " tag="520"><subfield code="a">Même après avoir failli mourir dans un accident de la route lors d'une nuit de beuverie avec son ami Dexter, John Callahan n'a pas la moindre intention d'arrêter de boire. Il finit pourtant par suivre une cure de désintoxication, soutenu par sa compagne et un mentor charismatique. Il se découvre alors un don inattendu : il crée des dessins à l'humour noir, satirique et insolent, qui lui vaudront un succès international dès leur publication dans la presse. En dessinant, Callahan découvre une nouvelle manière de voir la vie.(www.filmages.ch)</subfield><subfield code="5">RERO/bemcip/12.2018</subfield></datafield><datafield ind1=" " ind2="7" tag="655"><subfield code="a">Comédies dramatiques (cinéma)</subfield><subfield code="0">(IDREF)077067614</subfield><subfield code="2">idref</subfield></datafield><datafield ind1=" " ind2="7" tag="655"><subfield code="a">Films de fiction</subfield><subfield code="0">(IDREF)14779644X</subfield><subfield code="2">idref</subfield></datafield><datafield ind1=" " ind2="7" tag="655"><subfield code="a">DVD</subfield><subfield code="0">(IDREF)035108444</subfield><subfield code="2">idref</subfield></datafield><datafield ind1="1" ind2=" " tag="700"><subfield code="a">Van Sant, Gus</subfield><subfield code="d">1952-....</subfield><subfield code="0">(IDREF)055324592</subfield></datafield><datafield ind1="1" ind2=" " tag="700"><subfield code="a">Elfman, Danny</subfield><subfield code="d">1953-....</subfield><subfield code="0">(IDREF)055391702</subfield></datafield><datafield ind1="1" ind2=" " tag="700"><subfield code="a">Callahan, John</subfield><subfield code="d">1951-2010</subfield><subfield code="0">(IDREF)233328610</subfield></datafield></record>
</metadata></record>