<record><header><identifier>oai:alma.41SLSP_UGE:991000795479705502</identifier><datestamp>2023-11-26T01:33:55Z</datestamp><setSpec>uge_bcen_RapidILL_BOOK</setSpec><setSpec>uge_aaca_RapidILL_BOOK</setSpec><setSpec>uge_abels_RapidILL_BOOK</setSpec><setSpec>uge_dbu_RapidILL_BOOK</setSpec><setSpec>uge_cmu_RapidILL_BOOK</setSpec><setSpec>uge_mail_RapidILL_BOOK</setSpec><setSpec>uge_abbat_RapidILL_BOOK</setSpec><setSpec>UNIGE_ALL</setSpec><setSpec>uge_acar_RapidILL_BOOK</setSpec><setSpec>uge_aobs_RapidILL_BOOK</setSpec></header><metadata>
<record xmlns="http://www.loc.gov/MARC21/slim" xmlns:xsi="http://www.w3.org/2001/XMLSchema-instance" xsi:schemaLocation="http://www.loc.gov/MARC21/slim http://www.loc.gov/standards/marcxml/schema/MARC21slim.xsd"><leader>01402naa a2200325 c 4500</leader><controlfield tag="001">991000795479705502</controlfield><controlfield tag="005">20230630210526.0</controlfield><controlfield tag="008">061113s2006    sz ||||| |||| 00| ||ger d</controlfield><datafield ind1=" " ind2=" " tag="035"><subfield code="a">(swissbib)104350717-41slsp_network</subfield></datafield><datafield ind1=" " ind2=" " tag="035"><subfield code="a">104350717</subfield><subfield code="9">ExL</subfield></datafield><datafield ind1=" " ind2=" " tag="035"><subfield code="a">(RERO)R004258364-41slsp</subfield></datafield><datafield ind1=" " ind2=" " tag="035"><subfield code="a">(ALEX)bv001313855</subfield></datafield><datafield ind1=" " ind2=" " tag="035"><subfield code="a">(EXLNZ-41SLSP_NETWORK)991115824929705501</subfield></datafield><datafield ind1=" " ind2=" " tag="040"><subfield code="a">RERO frbcuc</subfield><subfield code="d">CH-ZuSLS</subfield></datafield><datafield ind1=" " ind2=" " tag="044"><subfield code="a">sz</subfield><subfield code="c">ch-sg</subfield></datafield><datafield ind1=" " ind2="7" tag="072"><subfield code="a">dr</subfield><subfield code="2">rero</subfield></datafield><datafield ind1=" " ind2=" " tag="084"><subfield code="a">CA/CH 67 i</subfield><subfield code="2">cjurrom</subfield></datafield><datafield ind1=" " ind2=" " tag="084"><subfield code="a">CA/CH 97.3 i</subfield><subfield code="2">cjurrom</subfield></datafield><datafield ind1="1" ind2=" " tag="100"><subfield code="a">Staehelin, Daniel</subfield><subfield code="d">1960</subfield><subfield code="0">(IDREF)22959008X</subfield><subfield code="4">cre</subfield></datafield><datafield ind1="1" ind2="0" tag="245"><subfield code="a">&lt;&lt;Der&gt;&gt; Beginn der Verwirkungsfrist gemäss Artikel 292 SchKG für die Anfechtung (Pauliana) beim Nachlassvertrag mit Vermögensabtretung</subfield><subfield code="c">Daniel Staehelin</subfield></datafield><datafield ind1=" " ind2=" " tag="336"><subfield code="b">txt</subfield><subfield code="2">rdacontent</subfield></datafield><datafield ind1=" " ind2=" " tag="337"><subfield code="b">n</subfield><subfield code="2">rdamedia</subfield></datafield><datafield ind1=" " ind2=" " tag="338"><subfield code="b">nc</subfield><subfield code="2">rdacarrier</subfield></datafield><datafield ind1=" " ind2=" " tag="500"><subfield code="a">Deutscher Text mit franz. Zusfassung</subfield></datafield><datafield ind1=" " ind2=" " tag="580"><subfield code="a">In: AJP. - Lachen. - 2006, 10, S. 1252-1262</subfield></datafield><datafield ind1=" " ind2="7" tag="650"><subfield code="a">Nachlassvertrag mit Vermögensabtretung</subfield><subfield code="9">ger</subfield><subfield code="0">(RERO)jurivoc000015550ger</subfield><subfield code="2">jurivoc</subfield></datafield><datafield ind1=" " ind2="7" tag="650"><subfield code="a">Paulianische Anfechtung</subfield><subfield code="9">ger</subfield><subfield code="0">(RERO)jurivoc000016958ger</subfield><subfield code="2">jurivoc</subfield></datafield><datafield ind1=" " ind2="7" tag="650"><subfield code="a">Verwirkung</subfield><subfield code="9">ger</subfield><subfield code="0">(RERO)jurivoc000025446ger</subfield><subfield code="2">jurivoc</subfield></datafield><datafield ind1=" " ind2="7" tag="650"><subfield code="a">Klagefrist</subfield><subfield code="9">ger</subfield><subfield code="0">(RERO)jurivoc000012852ger</subfield><subfield code="2">jurivoc</subfield></datafield><datafield ind1=" " ind2="7" tag="650"><subfield code="a">Beginn</subfield><subfield code="9">ger</subfield><subfield code="0">(RERO)jurivoc000002984ger</subfield><subfield code="2">jurivoc</subfield></datafield><datafield ind1=" " ind2="7" tag="650"><subfield code="a">Fristberechnung</subfield><subfield code="9">ger</subfield><subfield code="0">(RERO)jurivoc000008876ger</subfield><subfield code="2">jurivoc</subfield></datafield><datafield ind1=" " ind2="7" tag="651"><subfield code="a">Schweiz</subfield><subfield code="9">ger</subfield><subfield code="0">(RERO)jurivoc000019912ger</subfield><subfield code="2">jurivoc</subfield></datafield><datafield ind1="0" ind2=" " tag="773"><subfield code="t">AJP : Aktuelle juristische Praxis</subfield><subfield code="g">2006/1252</subfield><subfield code="g">yr:2006</subfield></datafield></record>
</metadata></record>