<record><header><identifier>oai:alma.41SLSP_UGE:991000795379705502</identifier><datestamp>2024-03-14T01:49:29Z</datestamp><setSpec>uge_bcen_RapidILL_BOOK</setSpec><setSpec>uge_aaca_RapidILL_BOOK</setSpec><setSpec>uge_abels_RapidILL_BOOK</setSpec><setSpec>uge_dbu_RapidILL_BOOK</setSpec><setSpec>uge_cmu_RapidILL_BOOK</setSpec><setSpec>uge_mail_RapidILL_BOOK</setSpec><setSpec>uge_abbat_RapidILL_BOOK</setSpec><setSpec>UNIGE_ALL</setSpec><setSpec>uge_acar_RapidILL_BOOK</setSpec><setSpec>uge_aobs_RapidILL_BOOK</setSpec></header><metadata>
<record xmlns="http://www.loc.gov/MARC21/slim" xmlns:xsi="http://www.w3.org/2001/XMLSchema-instance" xsi:schemaLocation="http://www.loc.gov/MARC21/slim http://www.loc.gov/standards/marcxml/schema/MARC21slim.xsd"><leader>01265nam a2200277 c 4500</leader><controlfield tag="001">991000795379705502</controlfield><controlfield tag="005">20240313235708.0</controlfield><controlfield tag="008">171130s1559    gw ||||| |||| 00| ||lat d</controlfield><datafield ind1=" " ind2=" " tag="035"><subfield code="a">(swissbib)124392032-41slsp_network</subfield></datafield><datafield ind1=" " ind2=" " tag="035"><subfield code="a">124392032</subfield><subfield code="9">ExL</subfield></datafield><datafield ind1=" " ind2=" " tag="035"><subfield code="a">(RERO)R008738697-41slsp</subfield></datafield><datafield ind1=" " ind2=" " tag="035"><subfield code="a">(EXLNZ-41SLSP_NETWORK)991137220509705501</subfield></datafield><datafield ind1=" " ind2=" " tag="040"><subfield code="a">ZXW</subfield><subfield code="b">ger</subfield><subfield code="e">rda</subfield><subfield code="d">CH-ZuSLS</subfield></datafield><datafield ind1=" " ind2="7" tag="072"><subfield code="a">zz</subfield><subfield code="2">rero</subfield></datafield><datafield ind1="1" ind2=" " tag="100"><subfield code="a">Major, Georg</subfield><subfield code="d">1502-1574</subfield><subfield code="0">(IDREF)029771390</subfield><subfield code="4">cre</subfield></datafield><datafield ind1="1" ind2="0" tag="245"><subfield code="a">Enarratio trium insignium Psalmorum XXII., LXVIII. et LXXII</subfield><subfield code="b">accommodata ad usum Pastorum &amp; ministrorum verbi docentium in Ecclesia</subfield><subfield code="c">Interprete D. Georgio Maiore</subfield></datafield><datafield ind1=" " ind2="1" tag="264"><subfield code="a">VVittebergae</subfield><subfield code="b">Ex officina Iohannis Lufft</subfield><subfield code="c">Anno 1559</subfield></datafield><datafield ind1=" " ind2=" " tag="300"><subfield code="a">238 f.</subfield><subfield code="c">8°</subfield></datafield><datafield ind1=" " ind2=" " tag="336"><subfield code="b">txt</subfield><subfield code="2">rdacontent</subfield></datafield><datafield ind1=" " ind2=" " tag="337"><subfield code="b">n</subfield><subfield code="2">rdamedia</subfield></datafield><datafield ind1=" " ind2=" " tag="338"><subfield code="b">nc</subfield><subfield code="2">rdacarrier</subfield></datafield><datafield ind1=" " ind2=" " tag="500"><subfield code="a">Sig.: A-Z, a-f⁸, g⁶</subfield></datafield><datafield ind1="3" ind2=" " tag="510"><subfield code="a">VD16, M 2032</subfield></datafield><datafield ind1="1" ind2=" " tag="700"><subfield code="a">Lufft, Hans</subfield><subfield code="d">1495-1584</subfield><subfield code="0">(IDREF)078876729</subfield><subfield code="4">prt</subfield></datafield><datafield ind1=" " ind2=" " tag="751"><subfield code="a">Wittenberg (Allemagne)</subfield><subfield code="4">pup</subfield><subfield code="0">(IDREF)027300730</subfield></datafield><datafield ind1="4" ind2="1" tag="856"><subfield code="u">http://www.mdz-nbn-resolving.de/urn/resolver.pl?urn=urn:nbn:de:bvb:12-bsb11284882-6</subfield><subfield code="z">kostenfrei</subfield><subfield code="3">Volltext // 2016 digitalisiert von: Bayerische Staatsbibliothek, München. Exemplar mit der Signatur: Augsburg, Staats- und Stadtbibliothek -- Th Ex 589</subfield></datafield><datafield ind1=" " ind2=" " tag="900"><subfield code="a">REROswissbibnomerge</subfield></datafield><datafield ind1=" " ind2=" " tag="993"><subfield code="a">MHR K Mei 4</subfield><subfield code="x">ge/mhr-/7738</subfield><subfield code="9">LOCAL</subfield></datafield></record>
</metadata></record>