<record><header><identifier>oai:alma.41SLSP_UGE:991000795899705502</identifier><datestamp>2023-07-03T00:42:30Z</datestamp><setSpec>uge_bcen_RapidILL_BOOK</setSpec><setSpec>uge_aaca_RapidILL_BOOK</setSpec><setSpec>uge_abels_RapidILL_BOOK</setSpec><setSpec>uge_dbu_RapidILL_BOOK</setSpec><setSpec>uge_cmu_RapidILL_BOOK</setSpec><setSpec>uge_mail_RapidILL_BOOK</setSpec><setSpec>uge_abbat_RapidILL_BOOK</setSpec><setSpec>UNIGE_ALL</setSpec><setSpec>uge_acar_RapidILL_BOOK</setSpec><setSpec>uge_aobs_RapidILL_BOOK</setSpec></header><metadata>
<record xmlns="http://www.loc.gov/MARC21/slim" xmlns:xsi="http://www.w3.org/2001/XMLSchema-instance" xsi:schemaLocation="http://www.loc.gov/MARC21/slim http://www.loc.gov/standards/marcxml/schema/MARC21slim.xsd"><leader>03323nam a2200589 c 4500</leader><controlfield tag="001">991000795899705502</controlfield><controlfield tag="005">20230702063055.0</controlfield><controlfield tag="008">201011s2011    xxu||||| |||| 00| ||eng d</controlfield><datafield ind1=" " ind2=" " tag="020"><subfield code="a">1441983201</subfield></datafield><datafield ind1=" " ind2=" " tag="020"><subfield code="a">9781441983213</subfield><subfield code="q">eISBN</subfield></datafield><datafield ind1=" " ind2=" " tag="020"><subfield code="a">9781441983206</subfield></datafield><datafield ind1="7" ind2=" " tag="024"><subfield code="a">10.1007/978-1-4419-8321-3</subfield><subfield code="2">doi</subfield></datafield><datafield ind1=" " ind2=" " tag="035"><subfield code="a">(swissbib)229355668-41slsp_network</subfield></datafield><datafield ind1=" " ind2=" " tag="035"><subfield code="a">229355668</subfield><subfield code="9">ExL</subfield></datafield><datafield ind1=" " ind2=" " tag="035"><subfield code="a">(RERO)R007308251-41slsp</subfield></datafield><datafield ind1=" " ind2=" " tag="035"><subfield code="a">(IDSSG)000533892HSB01</subfield></datafield><datafield ind1=" " ind2=" " tag="035"><subfield code="a">(IDSLU)001156706ILU01</subfield></datafield><datafield ind1=" " ind2=" " tag="035"><subfield code="a">(EXLNZ-41SLSP_NETWORK)991052603419705501</subfield></datafield><datafield ind1=" " ind2=" " tag="040"><subfield code="a">BTCTA</subfield><subfield code="d">CH-ZuSLS</subfield></datafield><datafield ind1=" " ind2="4" tag="050"><subfield code="a">HD9980.5</subfield><subfield code="b">.S46 2011</subfield></datafield><datafield ind1=" " ind2="7" tag="072"><subfield code="a">se</subfield><subfield code="2">rero</subfield></datafield><datafield ind1=" " ind2="7" tag="072"><subfield code="a">0</subfield><subfield code="2">IDS LU</subfield></datafield><datafield ind1="0" ind2="0" tag="245"><subfield code="a">Service design and delivery</subfield><subfield code="c">Mairi Macintyre, Glenn Parry, Jannis Angelis, editors</subfield></datafield><datafield ind1=" " ind2="1" tag="264"><subfield code="a">New York</subfield><subfield code="b">Springer</subfield><subfield code="c">2011</subfield></datafield><datafield ind1=" " ind2=" " tag="300"><subfield code="a">xxii, 169 p.</subfield><subfield code="b">ill.</subfield><subfield code="c">24 cm.</subfield></datafield><datafield ind1=" " ind2=" " tag="336"><subfield code="b">txt</subfield><subfield code="2">rdacontent</subfield></datafield><datafield ind1=" " ind2=" " tag="337"><subfield code="b">n</subfield><subfield code="2">rdamedia</subfield></datafield><datafield ind1=" " ind2=" " tag="338"><subfield code="b">nc</subfield><subfield code="2">rdacarrier</subfield></datafield><datafield ind1="0" ind2=" " tag="490"><subfield code="a">Service science</subfield></datafield><datafield ind1=" " ind2=" " tag="504"><subfield code="a">Includes bibliographical references.</subfield></datafield><datafield ind1="0" ind2=" " tag="505"><subfield code="a">Understanding services and the customer response / Jagdeesh S. Dhaliwal, Mairi Macintyre, and Glenn Parry -- Goods, products and services / Glenn Parry, Linda Newnes, and Xiaoxi Huang -- The IBM story / Charles Loving -- Rethinking lean service / John Seddon, Brendan O'Donovan, and Keivan Zokaei -- Designing competitive service models / Veronica Martinez and Trevor Turner -- Shifting from production to service to experience-based operations / Jannis Angelis and Edson Pinheiro de Lima -- Complex deployed responsive service / Glenn Parry... [et al.] -- A multi-organisational approach to service delivery / Valerie Purchase, John Mills, and Glenn Parry -- Through life costing / Linda Newnes... [et al.] -- The practitioner view / Ian Smart... [et al.] -- Are you being served? / Mairi Macintyre, Glenn Parry, and Jannis Angelis</subfield></datafield><datafield ind1=" " ind2="0" tag="650"><subfield code="a">Customer services</subfield></datafield><datafield ind1=" " ind2="0" tag="650"><subfield code="a">Service industries</subfield></datafield><datafield ind1=" " ind2="0" tag="650"><subfield code="a">Service industries</subfield><subfield code="x">Quality control</subfield></datafield><datafield ind1=" " ind2="7" tag="650"><subfield code="a">Service à la clientèle</subfield><subfield code="0">(IDREF)031022243</subfield><subfield code="2">idref</subfield></datafield><datafield ind1=" " ind2="7" tag="650"><subfield code="a">Services</subfield><subfield code="0">(IDREF)027480879</subfield><subfield code="2">idref</subfield></datafield><datafield ind1=" " ind2="7" tag="650"><subfield code="a">Qualité de service</subfield><subfield code="0">(IDREF)050265547</subfield><subfield code="2">idref</subfield></datafield><datafield ind1=" " ind2="7" tag="650"><subfield code="a">Informatik</subfield><subfield code="0">(DE-588)4026894-9</subfield><subfield code="2">gnd</subfield></datafield><datafield ind1=" " ind2="7" tag="650"><subfield code="a">Dienstleistungsbetrieb</subfield><subfield code="0">(DE-588)4012181-1</subfield><subfield code="2">gnd</subfield></datafield><datafield ind1=" " ind2="7" tag="650"><subfield code="a">Informationssystem</subfield><subfield code="0">(DE-588)4072806-7</subfield><subfield code="2">gnd</subfield></datafield><datafield ind1=" " ind2="7" tag="650"><subfield code="a">Informationsmanagement</subfield><subfield code="0">(DE-588)4114012-6</subfield><subfield code="2">gnd</subfield></datafield><datafield ind1=" " ind2="7" tag="655"><subfield code="a">[Études diverses]</subfield><subfield code="0">(RERO)A022249905</subfield><subfield code="2">rero</subfield></datafield><datafield ind1=" " ind2="7" tag="655"><subfield code="a">Aufsatzsammlung</subfield><subfield code="2">gnd-content</subfield></datafield><datafield ind1=" " ind2=" " tag="690"><subfield code="a">Fault location ; Rob ; Competitor service ; Interacting boson approximation ; Service design ; Medical operation ; Delivery ; Customer response ; Buying ; Understanding ; Service delivery ; Turner ; Complex ; Machining ; Practitioner ; Parry</subfield><subfield code="2">idssg-J</subfield></datafield><datafield ind1=" " ind2=" " tag="690"><subfield code="a">Multi-organisational Approach</subfield><subfield code="2">idssg-J</subfield></datafield><datafield ind1=" " ind2=" " tag="690"><subfield code="a">Lima [100]</subfield><subfield code="2">idssg-J</subfield></datafield><datafield ind1=" " ind2=" " tag="690"><subfield code="a">Mairi; Macintyre; Jannis; Angelis; pringer; Jagdeesh; Xiaoxi; Huang; Brendan; Donovan; Keivan; Zokaei; Edson; Pinheiro; de; Marc; Lening; Valerie; Conner; O; Y.</subfield><subfield code="2">idssg-J</subfield></datafield><datafield ind1="1" ind2=" " tag="700"><subfield code="a">Angelis, Jannis</subfield><subfield code="0">(RERO)A023383974</subfield></datafield><datafield ind1="1" ind2=" " tag="700"><subfield code="a">Parry, Glenn</subfield><subfield code="0">(RERO)A023383976</subfield></datafield><datafield ind1="1" ind2=" " tag="700"><subfield code="a">Macintyre, Mairi</subfield><subfield code="0">(RERO)A023383975</subfield></datafield><datafield ind1="0" ind2="8" tag="776"><subfield code="i">Online-Ausgabe</subfield><subfield code="w">(IDSSG)000877867HSB01</subfield></datafield><datafield ind1="4" ind2=" " tag="856"><subfield code="u">https://tools.unisg.ch/url/hm00377547</subfield><subfield code="z">Inhaltsverzeichnis</subfield></datafield><datafield ind1=" " ind2=" " tag="949"><subfield code="a">https://tools.unisg.ch/url/hm00377547</subfield></datafield></record>
</metadata></record>