<record><header><identifier>oai:alma.41SLSP_UGE:991000795149705502</identifier><datestamp>2023-04-18T00:10:08Z</datestamp><setSpec>uge_bcen_RapidILL_BOOK</setSpec><setSpec>uge_aaca_RapidILL_BOOK</setSpec><setSpec>uge_abels_RapidILL_BOOK</setSpec><setSpec>uge_dbu_RapidILL_BOOK</setSpec><setSpec>uge_cmu_RapidILL_BOOK</setSpec><setSpec>uge_mail_RapidILL_BOOK</setSpec><setSpec>uge_abbat_RapidILL_BOOK</setSpec><setSpec>UNIGE_ALL</setSpec><setSpec>uge_aobs_RapidILL_BOOK</setSpec><setSpec>uge_acar_RapidILL_BOOK</setSpec></header><metadata>
<record xmlns="http://www.loc.gov/MARC21/slim" xmlns:xsi="http://www.w3.org/2001/XMLSchema-instance" xsi:schemaLocation="http://www.loc.gov/MARC21/slim http://www.loc.gov/standards/marcxml/schema/MARC21slim.xsd"><leader>03545nam a22005892c 4500</leader><controlfield tag="001">991000795149705502</controlfield><controlfield tag="005">20230416103740.0</controlfield><controlfield tag="008">201011s2013    xxu||||| |||| 00| ||eng d</controlfield><datafield ind1=" " ind2=" " tag="010"><subfield code="a">2013009797</subfield></datafield><datafield ind1=" " ind2=" " tag="020"><subfield code="a">9780262019804</subfield><subfield code="q">hardcover : alk. paper</subfield></datafield><datafield ind1=" " ind2=" " tag="020"><subfield code="a">0262019809</subfield></datafield><datafield ind1=" " ind2=" " tag="035"><subfield code="a">(swissbib)214613941-41slsp_network</subfield></datafield><datafield ind1=" " ind2=" " tag="035"><subfield code="a">214613941</subfield><subfield code="9">ExL</subfield></datafield><datafield ind1=" " ind2=" " tag="035"><subfield code="a">(RERO)R007493111-41slsp</subfield></datafield><datafield ind1=" " ind2=" " tag="035"><subfield code="a">(IDSBB)006178026DSV01</subfield></datafield><datafield ind1=" " ind2=" " tag="035"><subfield code="a">(IDSSG)000662591HSB01</subfield></datafield><datafield ind1=" " ind2=" " tag="035"><subfield code="a">(OCoLC)835951336</subfield></datafield><datafield ind1=" " ind2=" " tag="035"><subfield code="a">(OCoLC)881254058</subfield></datafield><datafield ind1=" " ind2=" " tag="035"><subfield code="a">(DE-604)BVBBV041710910</subfield></datafield><datafield ind1=" " ind2=" " tag="035"><subfield code="a">(EXLNZ-41SLSP_NETWORK)991157056259705501</subfield></datafield><datafield ind1=" " ind2=" " tag="040"><subfield code="a">DLC</subfield><subfield code="d">CH-ZuSLS</subfield></datafield><datafield ind1=" " ind2="0" tag="050"><subfield code="a">HF1359</subfield><subfield code="b">.G57338 2014</subfield></datafield><datafield ind1=" " ind2="7" tag="072"><subfield code="a">se</subfield><subfield code="2">rero</subfield></datafield><datafield ind1=" " ind2="7" tag="072"><subfield code="a">vw</subfield><subfield code="2">SzZuIDS BS/BE</subfield></datafield><datafield ind1="0" ind2="0" tag="082"><subfield code="a">337</subfield><subfield code="2">23</subfield></datafield><datafield ind1="1" ind2="4" tag="082"><subfield code="a">330</subfield><subfield code="2">15</subfield></datafield><datafield ind1=" " ind2=" " tag="084"><subfield code="a">QM 000</subfield><subfield code="2">rvk</subfield></datafield><datafield ind1="0" ind2="0" tag="245"><subfield code="a">Global interdependence, decoupling, and recoupling</subfield><subfield code="c">edited by Yin-Wong Cheung and Frank Westermann</subfield></datafield><datafield ind1=" " ind2="1" tag="264"><subfield code="a">Cambridge, Massachusetts</subfield><subfield code="b">The MIT Press</subfield><subfield code="c">2013</subfield></datafield><datafield ind1=" " ind2=" " tag="300"><subfield code="a">VI, 308 p.</subfield><subfield code="b">ill.</subfield></datafield><datafield ind1=" " ind2=" " tag="336"><subfield code="b">txt</subfield><subfield code="2">rdacontent</subfield></datafield><datafield ind1=" " ind2=" " tag="337"><subfield code="b">n</subfield><subfield code="2">rdamedia</subfield></datafield><datafield ind1=" " ind2=" " tag="338"><subfield code="b">nc</subfield><subfield code="2">rdacarrier</subfield></datafield><datafield ind1="0" ind2=" " tag="490"><subfield code="a">The CESifo seminar series</subfield></datafield><datafield ind1=" " ind2=" " tag="504"><subfield code="a">Includes bibliographical references and index.</subfield></datafield><datafield ind1=" " ind2="0" tag="650"><subfield code="a">Globalization</subfield></datafield><datafield ind1=" " ind2="0" tag="650"><subfield code="a">International economic relations</subfield></datafield><datafield ind1=" " ind2="7" tag="650"><subfield code="a">Internationale Wirtschaftsorganisation</subfield><subfield code="0">(DE-588)4162064-1</subfield><subfield code="2">gnd</subfield></datafield><datafield ind1=" " ind2="7" tag="650"><subfield code="a">Globalisierung</subfield><subfield code="0">(DE-588)4557997-0</subfield><subfield code="2">gnd</subfield></datafield><datafield ind1=" " ind2="7" tag="650"><subfield code="a">Internationalisierung</subfield><subfield code="0">(DE-588)4162106-2</subfield><subfield code="2">gnd</subfield></datafield><datafield ind1=" " ind2="7" tag="650"><subfield code="a">Weltwirtschaftsordnung</subfield><subfield code="0">(DE-588)4065472-2</subfield><subfield code="2">gnd</subfield></datafield><datafield ind1=" " ind2="7" tag="655"><subfield code="a">Aufsatzsammlung</subfield><subfield code="2">gnd-content</subfield></datafield><datafield ind1=" " ind2=" " tag="690"><subfield code="a">Rezession; Entkopplung; Aufstieg; Handel; Beziehung; Wachstum; Yin; Wechselkurs; Einsparungen; Erweiterung; Verflechtung; Globalisierung; Schätzung; Index; Shang; Aufbau; Dollar; Mehrwerttheorie; Kupplung; Abhängigkeit; Alain; Barbara; Cambridge; Effekt; Export; Gen; Koopman; Volkswirtschaft</subfield><subfield code="2">idssg-J</subfield></datafield><datafield ind1=" " ind2=" " tag="690"><subfield code="a">Haushaltseinsparung; Südsüdhandel; Handelsbeziehung; Außenmehrwert; Handelsungleichgewicht; Penneffekt; Schwellengegen; Messproblem; Seminarreihe; Spilllovers</subfield><subfield code="2">idssg-J</subfield></datafield><datafield ind1=" " ind2=" " tag="690"><subfield code="a">europäische Union; globale Interdependenz; globale Verflechtung; große Rezession; internationale Rolle; internationales Spilllovers; reife Volkswirtschaft; wirtschaftlicher Aufstieg</subfield><subfield code="2">idssg-J</subfield></datafield><datafield ind1=" " ind2=" " tag="690"><subfield code="a">China C9CHIN; Massachusetts C1USA; Mexiko C1MEX; Europa C4E; Großbritannien C4EUUK; England C4EUUK; Vereinigte Staaten C1USA; Kroatien C4EXCR; EU C4EU; Deutschland C4EUGE</subfield><subfield code="2">idssg-J</subfield></datafield><datafield ind1=" " ind2=" " tag="690"><subfield code="a">Alain Hecq; Barbara Guardabascio; Cambridge Massachusetts London England; Christopher Otrok; Eiji Fujii; Filippo di Mauro; Gabor Pula; Gianluca Cubadda; global Interdependenz Entkopplung; global Verflechtung Entkopplung; Helge Berger; Hideaki Hirata Ayhan; JSfcililay Seminarreihe The; Justino De Cruz Robert Koopman Zhi Wang; Koopman Zhi Wang; Linda Goldberg; Lombardi Rossella Calvi; Marco Lombardi Rossella Calvi; Michael Dooley; Mutual Interdependenz Konjunktur; Nelson; Pierre Siklos; Preis Income Beziehung; Robert Koopman Zhi Wang; Schwellengegen Reifer Volkswirtschaften; Shang Jin Wei; Tuomo Peltonen; Volker Nitsch; Yin Wong Cheung</subfield><subfield code="2">idssg-J</subfield></datafield><datafield ind1="1" ind2=" " tag="700"><subfield code="a">Westermann, Frank</subfield><subfield code="d">1970-....</subfield><subfield code="0">(IDREF)099029391</subfield></datafield><datafield ind1="1" ind2=" " tag="700"><subfield code="a">Cheung, Yin-Wong</subfield><subfield code="d">ca. 20./21. Jh.</subfield><subfield code="0">(DE-588)128835001</subfield><subfield code="6">880-03</subfield></datafield><datafield ind1="1" ind2=" " tag="880"><subfield code="6">700-03</subfield><subfield code="a">Cheung, Yin-Wong</subfield><subfield code="0">(IDREF)129141747</subfield></datafield><datafield ind1="4" ind2=" " tag="856"><subfield code="3">Inhaltsverzeichnis</subfield><subfield code="u">http://www.ub.unibas.ch/tox/GBV/741082845/PDF</subfield><subfield code="q">pdf</subfield></datafield><datafield ind1=" " ind2=" " tag="911"><subfield code="a">700</subfield><subfield code="a">Westermann, Frank</subfield><subfield code="d">1970-</subfield></datafield><datafield ind1=" " ind2=" " tag="949"><subfield code="a">http://www.ub.unibas.ch/tox/GBV/741082845/PDF</subfield></datafield></record>
</metadata></record>