<record><header><identifier>oai:alma.41SLSP_UGE:991000795669705502</identifier><datestamp>2023-06-24T00:16:22Z</datestamp><setSpec>UNIGE_ALL</setSpec></header><metadata>
<record xmlns="http://www.loc.gov/MARC21/slim" xmlns:xsi="http://www.w3.org/2001/XMLSchema-instance" xsi:schemaLocation="http://www.loc.gov/MARC21/slim http://www.loc.gov/standards/marcxml/schema/MARC21slim.xsd"><leader>01810ngm a2200397 c 4500</leader><controlfield tag="001">991000795669705502</controlfield><controlfield tag="005">20230623141008.0</controlfield><controlfield tag="007">vd#|v||||</controlfield><controlfield tag="008">140109s2013    sz ||| |          v|fre d</controlfield><datafield ind1=" " ind2=" " tag="035"><subfield code="a">(swissbib)118844946-41slsp_network</subfield></datafield><datafield ind1=" " ind2=" " tag="035"><subfield code="a">118844946</subfield><subfield code="9">ExL</subfield></datafield><datafield ind1=" " ind2=" " tag="035"><subfield code="a">(RERO)R007595670-41slsp</subfield></datafield><datafield ind1=" " ind2=" " tag="035"><subfield code="a">(EXLNZ-41SLSP_NETWORK)991020302929705501</subfield></datafield><datafield ind1=" " ind2=" " tag="040"><subfield code="a">RERO geumem</subfield><subfield code="d">CH-ZuSLS</subfield></datafield><datafield ind1=" " ind2="7" tag="072"><subfield code="a">se</subfield><subfield code="2">rero</subfield></datafield><datafield ind1="0" ind2="0" tag="245"><subfield code="a">Brasserie du Cardinal</subfield><subfield code="b">le goût amer du capitalisme</subfield><subfield code="c">un film réalisé par Frédéric Zimmermann, Cédric Comtesse et Anne Brechbühl</subfield></datafield><datafield ind1=" " ind2="1" tag="264"><subfield code="a">[Lieu de publication non identifié]</subfield><subfield code="b">RTS</subfield><subfield code="c">2013</subfield></datafield><datafield ind1=" " ind2=" " tag="300"><subfield code="a">1 DVD-R (74 min.)</subfield></datafield><datafield ind1=" " ind2=" " tag="336"><subfield code="b">tdi</subfield><subfield code="2">rdacontent</subfield></datafield><datafield ind1=" " ind2=" " tag="337"><subfield code="b">v</subfield><subfield code="2">rdamedia</subfield></datafield><datafield ind1=" " ind2=" " tag="338"><subfield code="b">vd</subfield><subfield code="2">rdacarrier</subfield></datafield><datafield ind1=" " ind2=" " tag="385"><subfield code="a">Harmos9</subfield><subfield code="2">rero</subfield></datafield><datafield ind1=" " ind2=" " tag="385"><subfield code="a">Harmos10</subfield><subfield code="2">rero</subfield></datafield><datafield ind1=" " ind2=" " tag="385"><subfield code="a">Harmos11</subfield><subfield code="2">rero</subfield></datafield><datafield ind1="0" ind2=" " tag="490"><subfield code="a">Histoire vivante</subfield></datafield><datafield ind1=" " ind2=" " tag="500"><subfield code="a">Diffusé sur RTSdeux, le 22 décembre 2013</subfield></datafield><datafield ind1="8" ind2=" " tag="520"><subfield code="a">&quot;La fermeture définitive de la brasserie Cardinal provoque un véritable séisme. Le Fribourgeois ont pensé pouvoir sauver &quot;leur&quot; mousse séculaire, en vain. Aujourd'hui, tous les acteurs clés en témoignent : Cardinal, c'est l'histoire d'un succès puis d'une débâcle, sur fond de guerre économique et de globalisation.&quot;</subfield><subfield code="5">RERO/geumem/01.2014</subfield></datafield><datafield ind1="2" ind2="7" tag="610"><subfield code="a">Brasserie du Cardinal (Fribourg)</subfield><subfield code="0">(RERO)A010056758</subfield><subfield code="2">rero</subfield></datafield><datafield ind1=" " ind2="7" tag="650"><subfield code="a">Brasserie</subfield><subfield code="0">(IDREF)027391213</subfield><subfield code="2">idref</subfield></datafield><datafield ind1=" " ind2="7" tag="650"><subfield code="a">Capitalisme</subfield><subfield code="0">(IDREF)027285332</subfield><subfield code="2">idref</subfield></datafield><datafield ind1=" " ind2="7" tag="650"><subfield code="a">Économie de marché</subfield><subfield code="0">(IDREF)027467287</subfield><subfield code="2">idref</subfield></datafield><datafield ind1=" " ind2="7" tag="650"><subfield code="a">Concurrence</subfield><subfield code="0">(IDREF)02779976X</subfield><subfield code="2">idref</subfield></datafield><datafield ind1=" " ind2="7" tag="650"><subfield code="a">Brasseries</subfield><subfield code="0">(IDREF)028558340</subfield><subfield code="2">idref</subfield></datafield><datafield ind1=" " ind2="7" tag="655"><subfield code="a">DVD</subfield><subfield code="0">(IDREF)035108444</subfield><subfield code="2">idref</subfield></datafield><datafield ind1="1" ind2=" " tag="700"><subfield code="a">Comtesse, Cédric</subfield><subfield code="0">(IDREF)057661561</subfield></datafield><datafield ind1="1" ind2=" " tag="700"><subfield code="a">Zimmermann, Frédéric</subfield><subfield code="d">19..-....</subfield><subfield code="0">(IDREF)270669116</subfield></datafield><datafield ind1="1" ind2=" " tag="700"><subfield code="a">Brechbühl, Anne</subfield><subfield code="0">(RERO)A003040010</subfield></datafield></record>
</metadata></record>