<record><header><identifier>oai:alma.41SLSP_UGE:991000795879705502</identifier><datestamp>2023-03-31T00:18:26Z</datestamp><setSpec>uge_bcen_RapidILL_BOOK</setSpec><setSpec>uge_aaca_RapidILL_BOOK</setSpec><setSpec>uge_abels_RapidILL_BOOK</setSpec><setSpec>uge_dbu_RapidILL_BOOK</setSpec><setSpec>uge_cmu_RapidILL_BOOK</setSpec><setSpec>uge_mail_RapidILL_BOOK</setSpec><setSpec>uge_abbat_RapidILL_BOOK</setSpec><setSpec>UNIGE_ALL</setSpec><setSpec>uge_acar_RapidILL_BOOK</setSpec><setSpec>uge_aobs_RapidILL_BOOK</setSpec></header><metadata>
<record xmlns="http://www.loc.gov/MARC21/slim" xmlns:xsi="http://www.w3.org/2001/XMLSchema-instance" xsi:schemaLocation="http://www.loc.gov/MARC21/slim http://www.loc.gov/standards/marcxml/schema/MARC21slim.xsd"><leader>01387nam a2200349 c 4500</leader><controlfield tag="001">991000795879705502</controlfield><controlfield tag="005">20230330192052.0</controlfield><controlfield tag="008">201011s2009    sp            00| | spa| </controlfield><datafield ind1=" " ind2=" " tag="035"><subfield code="a">(swissbib)212499688-41slsp_network</subfield></datafield><datafield ind1=" " ind2=" " tag="035"><subfield code="a">212499688</subfield><subfield code="9">ExL</subfield></datafield><datafield ind1=" " ind2=" " tag="035"><subfield code="a">(NEBIS)010567296EBI01</subfield></datafield><datafield ind1=" " ind2=" " tag="035"><subfield code="a">(RERO)R007888358-41slsp</subfield></datafield><datafield ind1=" " ind2=" " tag="035"><subfield code="a">(EXLNZ-41SLSP_NETWORK)991056644339705501</subfield></datafield><datafield ind1=" " ind2=" " tag="040"><subfield code="a">SpMaBN</subfield><subfield code="d">CH-ZuSLS</subfield></datafield><datafield ind1=" " ind2="7" tag="072"><subfield code="a">es</subfield><subfield code="2">rero</subfield></datafield><datafield ind1=" " ind2=" " tag="080"><subfield code="a">808.1:82</subfield></datafield><datafield ind1="1" ind2=" " tag="100"><subfield code="a">Merino, José María</subfield><subfield code="d">1941-</subfield><subfield code="0">(RERO)A003585426</subfield><subfield code="4">cre</subfield><subfield code="6">880-01</subfield></datafield><datafield ind1="1" ind2=" " tag="880"><subfield code="a">Merino, José María</subfield><subfield code="d">1941-</subfield><subfield code="0">(DE-588)119337290</subfield><subfield code="6">100-01</subfield></datafield><datafield ind1="1" ind2="0" tag="245"><subfield code="a">Ficción de verdad</subfield><subfield code="b">discurso leído el día 19 de abril de 2009 en su recepción pública por el Excmo. Sr. D. José María Merino y contestación del Excmo. Sr. D. Luis Mateo Díez</subfield></datafield><datafield ind1=" " ind2="1" tag="264"><subfield code="a">Madrid</subfield><subfield code="b">Real Academia Española</subfield><subfield code="c">2009</subfield></datafield><datafield ind1=" " ind2=" " tag="300"><subfield code="a">59 p.</subfield><subfield code="b">il. col.</subfield><subfield code="c">22 cm</subfield></datafield><datafield ind1=" " ind2=" " tag="336"><subfield code="b">txt</subfield><subfield code="2">rdacontent</subfield></datafield><datafield ind1=" " ind2=" " tag="337"><subfield code="b">n</subfield><subfield code="2">rdamedia</subfield></datafield><datafield ind1=" " ind2=" " tag="338"><subfield code="b">nc</subfield><subfield code="2">rdacarrier</subfield></datafield><datafield ind1=" " ind2=" " tag="500"><subfield code="a">Am Kopf der Titelseite: Real Academia Española</subfield></datafield><datafield ind1=" " ind2="7" tag="650"><subfield code="a">Théorie de la fiction</subfield><subfield code="0">(IDREF)027555372</subfield><subfield code="2">idref</subfield></datafield><datafield ind1=" " ind2="7" tag="650"><subfield code="a">Littérature</subfield><subfield code="0">(IDREF)027328570</subfield><subfield code="2">idref</subfield></datafield><datafield ind1=" " ind2="7" tag="650"><subfield code="a">Réalité</subfield><subfield code="0">(IDREF)027566641</subfield><subfield code="2">idref</subfield></datafield><datafield ind1="1" ind2=" " tag="700"><subfield code="a">Mateo Díez, Luis</subfield><subfield code="d">1942-....</subfield><subfield code="0">(IDREF)086225669</subfield></datafield><datafield ind1="1" ind2=" " tag="700"><subfield code="a">Díez, Luis Mateo</subfield><subfield code="d">1942-</subfield><subfield code="0">(DE-588)123119693</subfield></datafield><datafield ind1="2" ind2=" " tag="710"><subfield code="a">Real Academia Española</subfield><subfield code="0">(DE-588)1002139-5</subfield></datafield><datafield ind1=" " ind2=" " tag="900"><subfield code="a">REROnoselfmerge</subfield></datafield><datafield ind1=" " ind2=" " tag="910"><subfield code="a">BNE</subfield><subfield code="b">20140922</subfield></datafield><datafield ind1=" " ind2=" " tag="993"><subfield code="a">BFLA 256973</subfield><subfield code="x">ge/ules/a/14/108</subfield><subfield code="9">LOCAL</subfield></datafield></record>
</metadata></record>