<record><header><identifier>oai:alma.41SLSP_UGE:991000795159705502</identifier><datestamp>2023-03-27T00:14:22Z</datestamp><setSpec>uge_bcen_RapidILL_BOOK</setSpec><setSpec>uge_aaca_RapidILL_BOOK</setSpec><setSpec>uge_abels_RapidILL_BOOK</setSpec><setSpec>uge_dbu_RapidILL_BOOK</setSpec><setSpec>uge_cmu_RapidILL_BOOK</setSpec><setSpec>uge_mail_RapidILL_BOOK</setSpec><setSpec>uge_abbat_RapidILL_BOOK</setSpec><setSpec>UNIGE_ALL</setSpec><setSpec>uge_aobs_RapidILL_BOOK</setSpec><setSpec>uge_acar_RapidILL_BOOK</setSpec></header><metadata>
<record xmlns="http://www.loc.gov/MARC21/slim" xmlns:xsi="http://www.w3.org/2001/XMLSchema-instance" xsi:schemaLocation="http://www.loc.gov/MARC21/slim http://www.loc.gov/standards/marcxml/schema/MARC21slim.xsd"><leader>01680nam a2200337 c 4500</leader><controlfield tag="001">991000795159705502</controlfield><controlfield tag="005">20230326202740.0</controlfield><controlfield tag="008">051125s2005    fr ||||| |||| 00| ||fre d</controlfield><datafield ind1=" " ind2=" " tag="020"><subfield code="a">2070115704</subfield></datafield><datafield ind1=" " ind2=" " tag="035"><subfield code="a">(swissbib)102679843-41slsp_network</subfield></datafield><datafield ind1=" " ind2=" " tag="035"><subfield code="a">102679843</subfield><subfield code="9">ExL</subfield></datafield><datafield ind1=" " ind2=" " tag="035"><subfield code="a">(RERO)R003948393-41slsp</subfield></datafield><datafield ind1=" " ind2=" " tag="035"><subfield code="a">(EXLNZ-41SLSP_NETWORK)991110644829705501</subfield></datafield><datafield ind1=" " ind2=" " tag="040"><subfield code="a">RERO labcud</subfield><subfield code="d">CH-ZuSLS</subfield></datafield><datafield ind1=" " ind2="7" tag="072"><subfield code="a">fr</subfield><subfield code="2">rero</subfield></datafield><datafield ind1="0" ind2="0" tag="245"><subfield code="a">Romanciers libertins du XVIIIe siècle</subfield><subfield code="n">2</subfield><subfield code="c">éd. établie sous la dir. de Patrick Wald Lasowski ; avec, pour ce vol., la collab. de Peter Cryle... [et al.]</subfield></datafield><datafield ind1=" " ind2="1" tag="264"><subfield code="a">[Paris]</subfield><subfield code="b">Gallimard</subfield><subfield code="c">2005</subfield></datafield><datafield ind1=" " ind2=" " tag="300"><subfield code="a">XXVIII, 1663 p.</subfield><subfield code="b">ill.</subfield><subfield code="c">18 cm</subfield></datafield><datafield ind1=" " ind2=" " tag="336"><subfield code="b">txt</subfield><subfield code="2">rdacontent</subfield></datafield><datafield ind1=" " ind2=" " tag="337"><subfield code="b">n</subfield><subfield code="2">rdamedia</subfield></datafield><datafield ind1=" " ind2=" " tag="338"><subfield code="b">nc</subfield><subfield code="2">rdacarrier</subfield></datafield><datafield ind1="1" ind2=" " tag="490"><subfield code="a">Bibliothèque de la Pléiade</subfield><subfield code="v">520</subfield></datafield><datafield ind1="0" ind2=" " tag="505"><subfield code="a">Tableaux des moeurs du temps / La Popelinière, Claude de Crébillon ; La Reine de Golconde / Boufflers ; Le pied de Fanchette / Rétif de la Bretonne ; Les malheurs de l'inconstance / Dorat ; Félicia ou Mes fredaines / Nerciat ; Mémoires de Suzon ; Ma conversion / Mirabeau ; Le petit-fils d'Hercule ; Confession d'une jeune fille / Pidansat de Mairobert ; La Messaline française ; L'enfant du bordel / Pigault-Lebrun</subfield></datafield><datafield ind1=" " ind2="7" tag="650"><subfield code="a">Libertinage</subfield><subfield code="0">(IDREF)027318737</subfield><subfield code="2">idref</subfield></datafield><datafield ind1=" " ind2="7" tag="650"><subfield code="a">Roman français</subfield><subfield code="0">(IDREF)027800512</subfield><subfield code="2">idref</subfield></datafield><datafield ind1=" " ind2="7" tag="650"><subfield code="a">18e siècle</subfield><subfield code="0">(IDREF)027794512</subfield><subfield code="2">idref</subfield></datafield><datafield ind1=" " ind2="7" tag="655"><subfield code="a">Anthologies</subfield><subfield code="0">(IDREF)027269493</subfield><subfield code="2">idref</subfield></datafield><datafield ind1="1" ind2=" " tag="700"><subfield code="a">Wald Lasowski, Patrick</subfield><subfield code="0">(IDREF)027191745</subfield></datafield><datafield ind1="1" ind2=" " tag="700"><subfield code="a">Cryle, Peter</subfield><subfield code="d">1946-....</subfield><subfield code="0">(IDREF)033953252</subfield></datafield><datafield ind1=" " ind2="0" tag="830"><subfield code="a">Romanciers libertins du XVIIIe siècle</subfield><subfield code="v">2</subfield></datafield><datafield ind1=" " ind2=" " tag="830"><subfield code="a">Bibliothèque de la Pléiade</subfield><subfield code="v">520</subfield><subfield code="w">(RERO)0000580-41slsp</subfield></datafield><datafield ind1=" " ind2=" " tag="900"><subfield code="a">REROnoselfmerge</subfield></datafield></record>
</metadata></record>