<record><header><identifier>oai:alma.41SLSP_UGE:991000795989705502</identifier><datestamp>2024-01-14T09:21:27Z</datestamp><setSpec>uge_bcen_RapidILL_BOOK</setSpec><setSpec>uge_aaca_RapidILL_BOOK</setSpec><setSpec>uge_abels_RapidILL_BOOK</setSpec><setSpec>uge_dbu_RapidILL_BOOK</setSpec><setSpec>uge_cmu_RapidILL_BOOK</setSpec><setSpec>uge_mail_RapidILL_BOOK</setSpec><setSpec>uge_abbat_RapidILL_BOOK</setSpec><setSpec>UNIGE_ALL</setSpec><setSpec>uge_aobs_RapidILL_BOOK</setSpec><setSpec>uge_acar_RapidILL_BOOK</setSpec></header><metadata>
<record xmlns="http://www.loc.gov/MARC21/slim" xmlns:xsi="http://www.w3.org/2001/XMLSchema-instance" xsi:schemaLocation="http://www.loc.gov/MARC21/slim http://www.loc.gov/standards/marcxml/schema/MARC21slim.xsd"><leader>01670nam a2200433 c 4500</leader><controlfield tag="001">991000795989705502</controlfield><controlfield tag="005">20230129185812.0</controlfield><controlfield tag="008">201012s1925    fr ||||| |||| 00| ||fre d</controlfield><datafield ind1=" " ind2=" " tag="035"><subfield code="a">(swissbib)241920590-41slsp_network</subfield></datafield><datafield ind1=" " ind2=" " tag="035"><subfield code="a">241920590</subfield><subfield code="9">ExL</subfield></datafield><datafield ind1=" " ind2=" " tag="035"><subfield code="a">(RERO)R003812223-41slsp</subfield></datafield><datafield ind1=" " ind2=" " tag="035"><subfield code="a">(NEBIS)005129744EBI01</subfield></datafield><datafield ind1=" " ind2=" " tag="035"><subfield code="a">(EXLNZ-41SLSP_NETWORK)991061760119705501</subfield></datafield><datafield ind1=" " ind2=" " tag="040"><subfield code="a">RERO geular</subfield><subfield code="d">CH-ZuSLS</subfield></datafield><datafield ind1=" " ind2=" " tag="050"><subfield code="a">DR424</subfield><subfield code="b">.R6</subfield></datafield><datafield ind1=" " ind2="7" tag="072"><subfield code="a">go</subfield><subfield code="2">rero</subfield></datafield><datafield ind1="1" ind2=" " tag="100"><subfield code="a">Dreux, Robert de</subfield><subfield code="0">(IDREF)068656947</subfield><subfield code="4">cre</subfield></datafield><datafield ind1="1" ind2="0" tag="245"><subfield code="a">Voyage en Turquie et en Grèce</subfield><subfield code="c">Robert de Dreux ; publ. et annoté par Hubert Pernot</subfield></datafield><datafield ind1=" " ind2="1" tag="264"><subfield code="a">Paris</subfield><subfield code="b">Les Belles Lettres</subfield><subfield code="c">1925</subfield></datafield><datafield ind1=" " ind2=" " tag="300"><subfield code="a">202 p.</subfield><subfield code="c">20 cm</subfield></datafield><datafield ind1=" " ind2=" " tag="336"><subfield code="b">txt</subfield><subfield code="2">rdacontent</subfield></datafield><datafield ind1=" " ind2=" " tag="337"><subfield code="b">n</subfield><subfield code="2">rdamedia</subfield></datafield><datafield ind1=" " ind2=" " tag="338"><subfield code="b">nc</subfield><subfield code="2">rdacarrier</subfield></datafield><datafield ind1="1" ind2=" " tag="490"><subfield code="a">Collection de l'Institut néo-hellénique de l'Université de Paris</subfield><subfield code="v">Fasc. 3</subfield></datafield><datafield ind1=" " ind2="7" tag="650"><subfield code="a">1665-1667</subfield><subfield code="2">rero</subfield></datafield><datafield ind1=" " ind2="7" tag="651"><subfield code="a">Turquie</subfield><subfield code="0">(IDREF)027254755</subfield><subfield code="2">idref</subfield></datafield><datafield ind1=" " ind2="7" tag="651"><subfield code="a">Grèce</subfield><subfield code="0">(IDREF)027228428</subfield><subfield code="2">idref</subfield></datafield><datafield ind1=" " ind2="0" tag="651"><subfield code="a">Turkey</subfield><subfield code="v">Early works to 1800</subfield><subfield code="x">Description and travel</subfield></datafield><datafield ind1=" " ind2="0" tag="651"><subfield code="a">Greece</subfield><subfield code="v">Early works to 1800</subfield><subfield code="x">Description and travel</subfield></datafield><datafield ind1=" " ind2="7" tag="655"><subfield code="a">Récits de voyages</subfield><subfield code="0">(IDREF)27242285</subfield><subfield code="2">idref</subfield></datafield><datafield ind1=" " ind2=" " tag="690"><subfield code="a">Südosteuropa</subfield><subfield code="2">uzb-ZA</subfield></datafield><datafield ind1=" " ind2=" " tag="690"><subfield code="a">1500 1600 1700</subfield><subfield code="2">uzb-ZA</subfield></datafield><datafield ind1=" " ind2=" " tag="690"><subfield code="a">Geographie</subfield><subfield code="2">uzb-ZA</subfield></datafield><datafield ind1=" " ind2=" " tag="690"><subfield code="a">Reiseberichte</subfield><subfield code="2">uzb-ZA</subfield></datafield><datafield ind1="0" ind2=" " tag="700"><subfield code="a">Robert</subfield><subfield code="c">de Dreux</subfield></datafield><datafield ind1="1" ind2=" " tag="700"><subfield code="a">Pernot, Hubert</subfield><subfield code="d">1870-1946</subfield><subfield code="0">(IDREF)029408709</subfield></datafield><datafield ind1=" " ind2="0" tag="830"><subfield code="a">Collection de l'Institut néo-hellénique de l'Université de Paris</subfield><subfield code="v">3</subfield><subfield code="w">(RERO)1029140-41slsp</subfield></datafield><datafield ind1=" " ind2="0" tag="830"><subfield code="a">Collection de l'Institut néo-hellénique de l'Université de Paris</subfield><subfield code="v">3</subfield><subfield code="w">(NEBIS)005003167EBI01</subfield></datafield><datafield ind1=" " ind2=" " tag="900"><subfield code="a">REROnoselfmerge</subfield></datafield><datafield ind1=" " ind2=" " tag="900"><subfield code="a">IDSZ2MedeaOEG</subfield></datafield><datafield ind1=" " ind2=" " tag="990"><subfield code="a">geulne</subfield><subfield code="9">LOCAL</subfield></datafield></record>
</metadata></record>