<record><header><identifier>oai:alma.41SLSP_UGE:991000795499705502</identifier><datestamp>2023-03-01T01:09:49Z</datestamp><setSpec>uge_bcen_RapidILL_BOOK</setSpec><setSpec>uge_aaca_RapidILL_BOOK</setSpec><setSpec>uge_abels_RapidILL_BOOK</setSpec><setSpec>uge_dbu_RapidILL_BOOK</setSpec><setSpec>uge_cmu_RapidILL_BOOK</setSpec><setSpec>uge_mail_RapidILL_BOOK</setSpec><setSpec>UNIGE_ALL</setSpec><setSpec>uge_abbat_RapidILL_BOOK</setSpec><setSpec>uge_acar_RapidILL_BOOK</setSpec><setSpec>uge_aobs_RapidILL_BOOK</setSpec></header><metadata>
<record xmlns="http://www.loc.gov/MARC21/slim" xmlns:xsi="http://www.w3.org/2001/XMLSchema-instance" xsi:schemaLocation="http://www.loc.gov/MARC21/slim http://www.loc.gov/standards/marcxml/schema/MARC21slim.xsd"><leader>01511nam a2200409 c 4500</leader><controlfield tag="001">991000795499705502</controlfield><controlfield tag="005">20230220195040.0</controlfield><controlfield tag="008">201012s1964    ne ||||| |||| 00| ||lat d</controlfield><datafield ind1=" " ind2=" " tag="035"><subfield code="a">(swissbib)238786110-41slsp_network</subfield></datafield><datafield ind1=" " ind2=" " tag="035"><subfield code="a">238786110</subfield><subfield code="9">ExL</subfield></datafield><datafield ind1=" " ind2=" " tag="035"><subfield code="a">(RERO)0059446-41slsp</subfield></datafield><datafield ind1=" " ind2=" " tag="035"><subfield code="a">(NEBIS)008748818EBI01</subfield></datafield><datafield ind1=" " ind2=" " tag="035"><subfield code="a">(EXLNZ-41SLSP_NETWORK)991138416069705501</subfield></datafield><datafield ind1=" " ind2=" " tag="040"><subfield code="a">RERO</subfield><subfield code="d">CH-ZuSLS</subfield></datafield><datafield ind1=" " ind2="7" tag="072"><subfield code="a">dr</subfield><subfield code="2">rero</subfield></datafield><datafield ind1=" " ind2=" " tag="084"><subfield code="a">EB 5 b</subfield><subfield code="2">cjurrom</subfield></datafield><datafield ind1="0" ind2=" " tag="100"><subfield code="a">Gaius</subfield><subfield code="d">130-178</subfield><subfield code="0">(DE-588)118689215</subfield><subfield code="6">880-01</subfield></datafield><datafield ind1="0" ind2=" " tag="880"><subfield code="6">100-01</subfield><subfield code="a">Gaius</subfield><subfield code="c">jurisconsulte</subfield><subfield code="d">0120?-0180?</subfield><subfield code="0">(IDREF)030960479</subfield><subfield code="4">cre</subfield></datafield><datafield ind1="1" ind2="0" tag="240"><subfield code="a">Institutiones</subfield></datafield><datafield ind1="1" ind2="0" tag="245"><subfield code="a">Gai Institutiones</subfield><subfield code="b">secundum codicis Veronensis apographum Studemundianum et reliquias in Aegypto repertas</subfield><subfield code="c">iterum edidit M. David</subfield></datafield><datafield ind1=" " ind2=" " tag="250"><subfield code="a">Editio minor</subfield></datafield><datafield ind1=" " ind2="1" tag="264"><subfield code="a">Leiden</subfield><subfield code="b">E. J. Brill</subfield><subfield code="c">1964</subfield></datafield><datafield ind1=" " ind2=" " tag="300"><subfield code="a">XIV, 160 p.</subfield><subfield code="c">19 cm</subfield></datafield><datafield ind1=" " ind2=" " tag="336"><subfield code="b">txt</subfield><subfield code="2">rdacontent</subfield></datafield><datafield ind1=" " ind2=" " tag="337"><subfield code="b">n</subfield><subfield code="2">rdamedia</subfield></datafield><datafield ind1=" " ind2=" " tag="338"><subfield code="b">nc</subfield><subfield code="2">rdacarrier</subfield></datafield><datafield ind1="1" ind2=" " tag="490"><subfield code="a">Studia Gaiana</subfield><subfield code="v">vol. 1</subfield></datafield><datafield ind1="0" ind2="7" tag="600"><subfield code="a">Gaius.</subfield><subfield code="t">Institutes</subfield><subfield code="0">(RERO)A010086511</subfield><subfield code="2">rero</subfield></datafield><datafield ind1=" " ind2="7" tag="650"><subfield code="a">Droit romain</subfield><subfield code="0">(IDREF)027232433</subfield><subfield code="2">idref</subfield></datafield><datafield ind1=" " ind2="7" tag="650"><subfield code="a">Sources</subfield><subfield code="0">(IDREF)027537161</subfield><subfield code="2">idref</subfield></datafield><datafield ind1=" " ind2="7" tag="655"><subfield code="a">Manuels d'enseignement</subfield><subfield code="0">(IDREF)027446514</subfield><subfield code="2">idref</subfield></datafield><datafield ind1=" " ind2=" " tag="690"><subfield code="a">Rom : Recht</subfield><subfield code="2">uzb-UL</subfield></datafield><datafield ind1="0" ind2="2" tag="700"><subfield code="a">Gaius</subfield><subfield code="t">Institutiones</subfield></datafield><datafield ind1="1" ind2=" " tag="700"><subfield code="a">David, Martin</subfield><subfield code="d">1898-1986</subfield><subfield code="0">(DE-588)129498238</subfield><subfield code="6">880-03</subfield></datafield><datafield ind1="1" ind2=" " tag="880"><subfield code="a">David, Martin</subfield><subfield code="d">1898-1986</subfield><subfield code="0">(RERO)A012310679</subfield><subfield code="6">700-03</subfield></datafield><datafield ind1=" " ind2=" " tag="830"><subfield code="a">Studia Gaiana</subfield><subfield code="v">1</subfield><subfield code="w">(NEBIS)000988065EBI01</subfield></datafield><datafield ind1=" " ind2=" " tag="830"><subfield code="a">Studia Gaiana</subfield><subfield code="v">1</subfield><subfield code="w">(RERO)0021922-41slsp</subfield></datafield><datafield ind1=" " ind2=" " tag="900"><subfield code="a">REROnoselfmerge</subfield></datafield></record>
</metadata></record>