<record><header><identifier>oai:alma.41SLSP_UGE:991000796019705502</identifier><datestamp>2023-11-26T01:29:15Z</datestamp><setSpec>uge_bcen_RapidILL_BOOK</setSpec><setSpec>uge_aaca_RapidILL_BOOK</setSpec><setSpec>uge_abels_RapidILL_BOOK</setSpec><setSpec>uge_dbu_RapidILL_BOOK</setSpec><setSpec>uge_cmu_RapidILL_BOOK</setSpec><setSpec>uge_mail_RapidILL_BOOK</setSpec><setSpec>uge_abbat_RapidILL_BOOK</setSpec><setSpec>UNIGE_ALL</setSpec><setSpec>uge_aobs_RapidILL_BOOK</setSpec><setSpec>uge_acar_RapidILL_BOOK</setSpec></header><metadata>
<record xmlns="http://www.loc.gov/MARC21/slim" xmlns:xsi="http://www.w3.org/2001/XMLSchema-instance" xsi:schemaLocation="http://www.loc.gov/MARC21/slim http://www.loc.gov/standards/marcxml/schema/MARC21slim.xsd"><leader>04940nam a2200757 c 4500</leader><controlfield tag="001">991000796019705502</controlfield><controlfield tag="005">20230516184102.0</controlfield><controlfield tag="008">201012s2016    mau      b||| 001 0 eng| </controlfield><datafield ind1=" " ind2=" " tag="010"><subfield code="a">2015005784</subfield></datafield><datafield ind1=" " ind2=" " tag="020"><subfield code="a">9780674055230</subfield><subfield code="q">alk. paper</subfield></datafield><datafield ind1=" " ind2=" " tag="020"><subfield code="a">0674055233</subfield><subfield code="q">alk. paper</subfield></datafield><datafield ind1=" " ind2=" " tag="035"><subfield code="a">(swissbib)236626779-41slsp_network</subfield></datafield><datafield ind1=" " ind2=" " tag="035"><subfield code="a">236626779</subfield><subfield code="9">ExL</subfield></datafield><datafield ind1=" " ind2=" " tag="035"><subfield code="a">(NEBIS)010621139EBI01</subfield></datafield><datafield ind1=" " ind2=" " tag="035"><subfield code="a">(IDSBB)006485585DSV01</subfield></datafield><datafield ind1=" " ind2=" " tag="035"><subfield code="a">(RERO)R008366758-41slsp</subfield></datafield><datafield ind1=" " ind2=" " tag="035"><subfield code="a">(OCoLC)904801153</subfield></datafield><datafield ind1=" " ind2=" " tag="035"><subfield code="a">(ALEX)bv9925870002301791</subfield></datafield><datafield ind1=" " ind2=" " tag="035"><subfield code="a">(EXLNZ-41SLSP_NETWORK)991110073659705501</subfield></datafield><datafield ind1=" " ind2=" " tag="040"><subfield code="a">DLC</subfield><subfield code="b">ger</subfield><subfield code="e">rda</subfield><subfield code="d">CH-ZuSLS</subfield></datafield><datafield ind1=" " ind2=" " tag="042"><subfield code="a">pcc</subfield></datafield><datafield ind1="0" ind2="0" tag="050"><subfield code="a">PA3010</subfield><subfield code="b">.F55 2016</subfield></datafield><datafield ind1=" " ind2="7" tag="072"><subfield code="a">kp</subfield><subfield code="2">SzZuIDS BS/BE</subfield></datafield><datafield ind1=" " ind2="7" tag="072"><subfield code="a">la</subfield><subfield code="2">rero</subfield></datafield><datafield ind1="1" ind2=" " tag="080"><subfield code="a">871(091)</subfield></datafield><datafield ind1="0" ind2="0" tag="082"><subfield code="a">870.9/001</subfield><subfield code="2">23</subfield></datafield><datafield ind1=" " ind2=" " tag="084"><subfield code="a">FE 3537</subfield><subfield code="2">rvk</subfield></datafield><datafield ind1=" " ind2=" " tag="084"><subfield code="a">FT 12650</subfield><subfield code="2">rvk</subfield></datafield><datafield ind1=" " ind2=" " tag="084"><subfield code="a">FT 12700</subfield><subfield code="2">rvk</subfield></datafield><datafield ind1=" " ind2=" " tag="084"><subfield code="a">FT 13000</subfield><subfield code="2">rvk</subfield></datafield><datafield ind1="1" ind2=" " tag="100"><subfield code="a">Feeney, Denis</subfield><subfield code="d">1955-</subfield><subfield code="0">(DE-588)1053239114</subfield><subfield code="e">Verfasser</subfield><subfield code="4">aut</subfield></datafield><datafield ind1="1" ind2="0" tag="245"><subfield code="a">Beyond Greek</subfield><subfield code="b">the beginnings of Latin literature</subfield><subfield code="c">Denis Feeney</subfield></datafield><datafield ind1=" " ind2="1" tag="264"><subfield code="a">Cambridge, Massachusetts</subfield><subfield code="b">Harvard University Press</subfield><subfield code="c">2016</subfield></datafield><datafield ind1=" " ind2=" " tag="300"><subfield code="a">xii, 377 Seiten</subfield></datafield><datafield ind1=" " ind2=" " tag="336"><subfield code="b">txt</subfield><subfield code="2">rdacontent</subfield></datafield><datafield ind1=" " ind2=" " tag="337"><subfield code="b">n</subfield><subfield code="2">rdamedia</subfield></datafield><datafield ind1=" " ind2=" " tag="338"><subfield code="b">nc</subfield><subfield code="2">rdacarrier</subfield></datafield><datafield ind1=" " ind2=" " tag="500"><subfield code="a">Register</subfield></datafield><datafield ind1=" " ind2=" " tag="504"><subfield code="a">Includes bibliographical references (pages 331-368) and index</subfield></datafield><datafield ind1="0" ind2=" " tag="505"><subfield code="a">Translation I: Languages, scripts, texts -- Translation II: the Roman translation project -- Translation III: the Interface between Latin and Greek -- Middle grounds, zones of contact -- A stage for an imperial power -- A literature in the Latin language -- The impact and reach of the new literature -- Acts of comparison -- Conclusion: joining the network</subfield></datafield><datafield ind1="8" ind2=" " tag="520"><subfield code="a">We take the existence of a literature in the Latin language for granted, but the emergence of this literature is a very strange moment in history. Latin literature should probably not have come into being in the form it took. This book explores the opening phase of Latin literature, from 240 to 140 BCE. The period begins with the first stage productions of Greek plays translated into Latin, which were also the first translations of Greek literary texts into any other language ; it closes with the Romans in possession of a large-scale literature in Latin based on the literature of the Greeks, together with a developed historical tradition about their past and a mythology that connected them to the inheritance of the Greeks. The book uses a range of comparative evidence from both the ancient and the modern worlds in order to provide a context for understanding what the Romans did. The book recovers a great range of possibilities for cultural interaction in the ancient Mediterranean, with languages and texts sometimes interchanging quite freely and sometimes being blocked. The book argues that the Roman translation project and the resulting literature were highly anomalous in an ancient context: translation of literature was extremely rare in the world known to the Romans, and the ancient Mediterranean hosted many very successful cultures that had no kind of equivalent to the widely diffused text-based literary systems of the Greeks. The transformation of the Romans' Italian alliance into a Mediterranean imperial power provides the context for the revolution in their cultural life that led to what we call &quot;Latin literature.&quot; --</subfield><subfield code="c">Provided by publisher</subfield></datafield><datafield ind1=" " ind2="7" tag="648"><subfield code="a">Geschichte 240 v. Chr.-140 v. Chr</subfield><subfield code="2">gnd</subfield></datafield><datafield ind1=" " ind2="0" tag="650"><subfield code="a">Latin literature</subfield><subfield code="x">Greek influences</subfield></datafield><datafield ind1=" " ind2="0" tag="650"><subfield code="a">Greek language</subfield><subfield code="x">Influence on Latin</subfield></datafield><datafield ind1=" " ind2="0" tag="650"><subfield code="a">Comparative literature</subfield><subfield code="x">Greek and Latin</subfield></datafield><datafield ind1=" " ind2="0" tag="650"><subfield code="a">Comparative literature</subfield><subfield code="x">Latin and Greek</subfield></datafield><datafield ind1=" " ind2="7" tag="650"><subfield code="a">Comparative literature</subfield><subfield code="x">Greek and Latin</subfield><subfield code="2">fast</subfield></datafield><datafield ind1=" " ind2="7" tag="650"><subfield code="a">Comparative literature</subfield><subfield code="x">Latin and Greek</subfield><subfield code="2">fast</subfield></datafield><datafield ind1=" " ind2="7" tag="650"><subfield code="a">Greek language</subfield><subfield code="x">Influence on Latin</subfield><subfield code="2">fast</subfield></datafield><datafield ind1=" " ind2="7" tag="650"><subfield code="a">Latin literature</subfield><subfield code="x">Greek influences</subfield><subfield code="2">fast</subfield></datafield><datafield ind1=" " ind2="7" tag="650"><subfield code="a">Latinsk litteratur</subfield><subfield code="2">sao</subfield></datafield><datafield ind1=" " ind2="7" tag="650"><subfield code="a">Grekiska influenser</subfield><subfield code="2">sao</subfield></datafield><datafield ind1=" " ind2="7" tag="650"><subfield code="a">Grekiska språket</subfield><subfield code="2">sao</subfield></datafield><datafield ind1=" " ind2="7" tag="650"><subfield code="a">Grekisk litteratur</subfield><subfield code="2">sao</subfield></datafield><datafield ind1=" " ind2="7" tag="650"><subfield code="a">Historia</subfield><subfield code="2">sao</subfield></datafield><datafield ind1=" " ind2="7" tag="650"><subfield code="a">Griechisch</subfield><subfield code="0">(DE-588)4113791-7</subfield><subfield code="2">gnd</subfield></datafield><datafield ind1=" " ind2="7" tag="650"><subfield code="a">Latein</subfield><subfield code="0">(DE-588)4114364-4</subfield><subfield code="2">gnd</subfield></datafield><datafield ind1=" " ind2="7" tag="650"><subfield code="a">Literatur</subfield><subfield code="0">(DE-588)4035964-5</subfield><subfield code="2">gnd</subfield></datafield><datafield ind1=" " ind2="7" tag="650"><subfield code="a">Übersetzung</subfield><subfield code="0">(DE-588)4061418-9</subfield><subfield code="2">gnd</subfield></datafield><datafield ind1=" " ind2="7" tag="650"><subfield code="a">Littérature latine</subfield><subfield code="0">(IDREF)027236986</subfield><subfield code="2">idref</subfield></datafield><datafield ind1=" " ind2="7" tag="650"><subfield code="a">240 av. J.-C.-140 av. J.-C.</subfield><subfield code="2">idref</subfield></datafield><datafield ind1=" " ind2="7" tag="650"><subfield code="a">Littérature grecque</subfield><subfield code="0">(IDREF)02723696X</subfield><subfield code="2">idref</subfield></datafield><datafield ind1=" " ind2="7" tag="650"><subfield code="a">Influence littéraire, artistique, etc.</subfield><subfield code="0">(IDREF)027532151</subfield><subfield code="2">idref</subfield></datafield><datafield ind1=" " ind2="7" tag="651"><subfield code="a">Rome</subfield><subfield code="y">509-30 av. J.-C. (République)</subfield><subfield code="0">(IDREF)027480410</subfield><subfield code="2">idref</subfield></datafield><datafield ind1=" " ind2="7" tag="651"><subfield code="a">Römisches Reich</subfield><subfield code="0">(DE-588)4076778-4</subfield><subfield code="2">gnd</subfield></datafield><datafield ind1="1" ind2=" " tag="700"><subfield code="a">Feeney, Denis C.</subfield><subfield code="d">1955-</subfield><subfield code="0">(IDREF)031086802</subfield><subfield code="4">cre</subfield></datafield><datafield ind1="4" ind2=" " tag="856"><subfield code="3">Titelblatt und Inhaltsverzeichnis</subfield><subfield code="u">https://toc.library.ethz.ch/objects/pdf03/z01_978-0-674-05523-0_01.pdf</subfield><subfield code="q">pdf</subfield></datafield><datafield ind1=" " ind2=" " tag="900"><subfield code="a">IDSZ2zbzmon201605f</subfield><subfield code="c">IDSZ2rein</subfield><subfield code="d">IDSZ2zbzswk201610g</subfield><subfield code="e">IDSZ2seid</subfield></datafield><datafield ind1=" " ind2=" " tag="900"><subfield code="a">Stoppsignal FRED</subfield></datafield><datafield ind1=" " ind2=" " tag="949"><subfield code="a">https://toc.library.ethz.ch/objects/pdf03/z01_978-0-674-05523-0_01.pdf</subfield></datafield></record>
</metadata></record>