<record><header><identifier>oai:alma.41SLSP_UGE:991000795299705502</identifier><datestamp>2023-03-01T01:09:49Z</datestamp><setSpec>uge_bcen_RapidILL_BOOK</setSpec><setSpec>uge_aaca_RapidILL_BOOK</setSpec><setSpec>uge_abels_RapidILL_BOOK</setSpec><setSpec>uge_dbu_RapidILL_BOOK</setSpec><setSpec>uge_cmu_RapidILL_BOOK</setSpec><setSpec>uge_mail_RapidILL_BOOK</setSpec><setSpec>uge_abbat_RapidILL_BOOK</setSpec><setSpec>UNIGE_ALL</setSpec><setSpec>uge_acar_RapidILL_BOOK</setSpec><setSpec>uge_aobs_RapidILL_BOOK</setSpec></header><metadata>
<record xmlns="http://www.loc.gov/MARC21/slim" xmlns:xsi="http://www.w3.org/2001/XMLSchema-instance" xsi:schemaLocation="http://www.loc.gov/MARC21/slim http://www.loc.gov/standards/marcxml/schema/MARC21slim.xsd"><leader>01948nam a2200457 c 4500</leader><controlfield tag="001">991000795299705502</controlfield><controlfield tag="005">20230228191001.0</controlfield><controlfield tag="008">201012s2010    xxk||||| |||| 00| ||eng d</controlfield><datafield ind1=" " ind2=" " tag="020"><subfield code="a">9781444104882</subfield><subfield code="q">pbk.</subfield></datafield><datafield ind1=" " ind2=" " tag="020"><subfield code="a">1444104888</subfield><subfield code="q">pbk.</subfield></datafield><datafield ind1="7" ind2=" " tag="024"><subfield code="a">http://catalogue.bnf.fr/ark:/12148/cb43893354m</subfield><subfield code="2">uri</subfield></datafield><datafield ind1=" " ind2=" " tag="035"><subfield code="a">(swissbib)234341343-41slsp_network</subfield></datafield><datafield ind1=" " ind2=" " tag="035"><subfield code="a">234341343</subfield><subfield code="9">ExL</subfield></datafield><datafield ind1=" " ind2=" " tag="035"><subfield code="a">(RERO)R006064377-41slsp</subfield></datafield><datafield ind1=" " ind2=" " tag="035"><subfield code="a">(NEBIS)006321124EBI01</subfield></datafield><datafield ind1=" " ind2=" " tag="035"><subfield code="a">(EXLNZ-41SLSP_NETWORK)991118212909705501</subfield></datafield><datafield ind1=" " ind2=" " tag="040"><subfield code="a">RERO geuise</subfield><subfield code="d">CH-ZuSLS</subfield></datafield><datafield ind1=" " ind2="7" tag="072"><subfield code="a">ur</subfield><subfield code="2">rero</subfield></datafield><datafield ind1=" " ind2="7" tag="072"><subfield code="a">st</subfield><subfield code="2">rero</subfield></datafield><datafield ind1="0" ind2="4" tag="082"><subfield code="a">333.9117</subfield><subfield code="2">22</subfield></datafield><datafield ind1="1" ind2=" " tag="100"><subfield code="a">Jones, J.A.A.</subfield><subfield code="0">(RERO)A003429756</subfield><subfield code="4">cre</subfield></datafield><datafield ind1="1" ind2="0" tag="245"><subfield code="a">Water sustainability</subfield><subfield code="b">a global perspective</subfield><subfield code="c">J.A.A. Jones</subfield></datafield><datafield ind1=" " ind2="1" tag="264"><subfield code="a">London</subfield><subfield code="b">Hodder Education</subfield><subfield code="c">2010</subfield></datafield><datafield ind1=" " ind2=" " tag="300"><subfield code="a">452 p.</subfield><subfield code="b">ill.</subfield></datafield><datafield ind1=" " ind2=" " tag="336"><subfield code="b">txt</subfield><subfield code="2">rdacontent</subfield></datafield><datafield ind1=" " ind2=" " tag="337"><subfield code="b">n</subfield><subfield code="2">rdamedia</subfield></datafield><datafield ind1=" " ind2=" " tag="338"><subfield code="b">nc</subfield><subfield code="2">rdacarrier</subfield></datafield><datafield ind1=" " ind2=" " tag="504"><subfield code="a">Bibliogr.: p. 413-437. Index</subfield></datafield><datafield ind1=" " ind2="7" tag="650"><subfield code="a">Développement durable</subfield><subfield code="0">(IDREF)031514669</subfield><subfield code="2">idref</subfield></datafield><datafield ind1=" " ind2="7" tag="650"><subfield code="a">eau - utilisation</subfield><subfield code="0">(RERO)A010076902</subfield><subfield code="2">rerovoc</subfield></datafield><datafield ind1=" " ind2="7" tag="650"><subfield code="a">Approvisionnement en eau</subfield><subfield code="0">(IDREF)028669118</subfield><subfield code="2">idref</subfield></datafield><datafield ind1=" " ind2="0" tag="650"><subfield code="a">Water resources development</subfield></datafield><datafield ind1=" " ind2="0" tag="650"><subfield code="a">Water-supply</subfield><subfield code="x">Management</subfield></datafield><datafield ind1=" " ind2="0" tag="650"><subfield code="a">Sustainable development</subfield></datafield><datafield ind1=" " ind2="7" tag="650"><subfield code="a">GLOBAL CHANGE + KLIMAERWÄRMUNG (KLIMATOLOGIE)</subfield><subfield code="9">ger</subfield><subfield code="0">(ETHUDK)000046096</subfield><subfield code="2">ethudk</subfield></datafield><datafield ind1=" " ind2="7" tag="650"><subfield code="a">TECHNISCHER FORTSCHRITT</subfield><subfield code="9">ger</subfield><subfield code="0">(ETHUDK)000010328</subfield><subfield code="2">ethudk</subfield></datafield><datafield ind1=" " ind2="7" tag="650"><subfield code="a">WASSERBEDARF + WASSERVERLUSTE + WASSERVERBRAUCH (WASSERVERSORGUNG)</subfield><subfield code="9">ger</subfield><subfield code="0">(ETHUDK)000030265</subfield><subfield code="2">ethudk</subfield></datafield><datafield ind1=" " ind2="7" tag="650"><subfield code="a">WASSERHYGIENE, SCHUTZ DER WASSERQUALITÄT, ERHALTUNG VON WASSERRESSOURCEN, GEWÄSSERHYGIENE (UMWELTSCHUTZ)</subfield><subfield code="9">ger</subfield><subfield code="0">(ETHUDK)000012446</subfield><subfield code="2">ethudk</subfield></datafield><datafield ind1=" " ind2="7" tag="650"><subfield code="a">WASSERVERSORGUNG + TRINKWASSERVERSORGUNG (ÖFFENTLICHES GESUNDHEITSWESEN)</subfield><subfield code="9">ger</subfield><subfield code="0">(ETHUDK)000011657</subfield><subfield code="2">ethudk</subfield></datafield><datafield ind1=" " ind2="7" tag="650"><subfield code="a">WASSERVORRÄTE (WASSERVERSORGUNG)</subfield><subfield code="9">ger</subfield><subfield code="0">(ETHUDK)000020407</subfield><subfield code="2">ethudk</subfield></datafield><datafield ind1=" " ind2=" " tag="900"><subfield code="a">REROnoselfmerge</subfield></datafield><datafield ind1=" " ind2=" " tag="900"><subfield code="a">IDSE5E57ANH-2012</subfield></datafield></record>
</metadata></record>