<record><header><identifier>oai:alma.41SLSP_UGE:991000796129705502</identifier><datestamp>2023-07-10T00:17:32Z</datestamp><setSpec>uge_bcen_RapidILL_BOOK</setSpec><setSpec>uge_aaca_RapidILL_BOOK</setSpec><setSpec>uge_abels_RapidILL_BOOK</setSpec><setSpec>uge_dbu_RapidILL_BOOK</setSpec><setSpec>uge_cmu_RapidILL_BOOK</setSpec><setSpec>uge_mail_RapidILL_BOOK</setSpec><setSpec>uge_abbat_RapidILL_BOOK</setSpec><setSpec>UNIGE_ALL</setSpec><setSpec>uge_acar_RapidILL_BOOK</setSpec><setSpec>uge_aobs_RapidILL_BOOK</setSpec></header><metadata>
<record xmlns="http://www.loc.gov/MARC21/slim" xmlns:xsi="http://www.w3.org/2001/XMLSchema-instance" xsi:schemaLocation="http://www.loc.gov/MARC21/slim http://www.loc.gov/standards/marcxml/schema/MARC21slim.xsd"><leader>02945nam a2200661uc 4500</leader><controlfield tag="001">991000796129705502</controlfield><controlfield tag="005">20230329201613.0</controlfield><controlfield tag="008">201011t19941994xxk    |      10| ||eng|d</controlfield><datafield ind1=" " ind2=" " tag="010"><subfield code="a">94012672</subfield></datafield><datafield ind1=" " ind2=" " tag="020"><subfield code="a">0471951463</subfield></datafield><datafield ind1=" " ind2=" " tag="035"><subfield code="a">(swissbib)227376587-41slsp_network</subfield></datafield><datafield ind1=" " ind2=" " tag="035"><subfield code="a">227376587</subfield><subfield code="9">ExL</subfield></datafield><datafield ind1=" " ind2=" " tag="035"><subfield code="a">(NEBIS)001374426EBI01</subfield></datafield><datafield ind1=" " ind2=" " tag="035"><subfield code="a">(RERO)1938193-41slsp</subfield></datafield><datafield ind1=" " ind2=" " tag="035"><subfield code="a">(IDSBB)001039722DSV01</subfield></datafield><datafield ind1=" " ind2=" " tag="035"><subfield code="a">(EXLNZ-41SLSP_NETWORK)991140160449705501</subfield></datafield><datafield ind1=" " ind2=" " tag="040"><subfield code="a">ETH-BIB</subfield><subfield code="b">ger</subfield><subfield code="e">ETHICS-ISBD</subfield><subfield code="d">CH-ZuSLS</subfield></datafield><datafield ind1=" " ind2=" " tag="044"><subfield code="a">xxk</subfield><subfield code="a">xxu</subfield></datafield><datafield ind1=" " ind2="7" tag="072"><subfield code="a">in</subfield><subfield code="2">rero</subfield></datafield><datafield ind1=" " ind2="7" tag="072"><subfield code="a">if</subfield><subfield code="2">SzZuIDS BS/BE</subfield></datafield><datafield ind1="0" ind2="0" tag="082"><subfield code="a">006</subfield><subfield code="2">20</subfield></datafield><datafield ind1="1" ind2="4" tag="082"><subfield code="a">004</subfield><subfield code="2">15</subfield></datafield><datafield ind1="1" ind2=" " tag="100"><subfield code="6">880-01</subfield><subfield code="a">Magnenat-Thalmann, Nadia</subfield><subfield code="d">1946-....</subfield><subfield code="0">(IDREF)059765992</subfield><subfield code="4">aut</subfield></datafield><datafield ind1="1" ind2=" " tag="880"><subfield code="a">Magnenat-Thalmann, Nadia</subfield><subfield code="d">1946-</subfield><subfield code="0">(DE-588)110872061</subfield><subfield code="6">100-01</subfield></datafield><datafield ind1="1" ind2="0" tag="245"><subfield code="a">Artificial life and virtual reality</subfield><subfield code="c">ed. by Nadia Magnenat Thalmann and Daniel Thalmann</subfield></datafield><datafield ind1=" " ind2="1" tag="264"><subfield code="a">Chichester [etc.]</subfield><subfield code="b">Wiley</subfield><subfield code="c">[1994]</subfield></datafield><datafield ind1=" " ind2="4" tag="264"><subfield code="c">© 1994</subfield></datafield><datafield ind1=" " ind2=" " tag="300"><subfield code="a">XV, 228 S.</subfield><subfield code="c">25 cm</subfield><subfield code="b">Ill., z.T. farb.</subfield></datafield><datafield ind1=" " ind2=" " tag="336"><subfield code="b">txt</subfield><subfield code="2">rdacontent</subfield></datafield><datafield ind1=" " ind2=" " tag="337"><subfield code="b">n</subfield><subfield code="2">rdamedia</subfield></datafield><datafield ind1=" " ind2=" " tag="338"><subfield code="b">nc</subfield><subfield code="2">rdacarrier</subfield></datafield><datafield ind1=" " ind2=" " tag="500"><subfield code="a">andere Ausgabe: Artificial life and virtual reality</subfield></datafield><datafield ind1=" " ind2=" " tag="500"><subfield code="a">&quot;Most of the texts are results of presentations during the workshop &quot;Artificial Life and Virtual Reality&quot; held in November 1993 at the University of Geneva&quot;</subfield></datafield><datafield ind1=" " ind2="7" tag="650"><subfield code="a">Künstliches Leben</subfield><subfield code="2">idszbz</subfield></datafield><datafield ind1=" " ind2="7" tag="650"><subfield code="a">Virtuelle Realität</subfield><subfield code="2">idszbz</subfield></datafield><datafield ind1=" " ind2="7" tag="650"><subfield code="a">Computersimulation</subfield><subfield code="0">(DE-588)4148259-1</subfield><subfield code="2">gnd</subfield></datafield><datafield ind1=" " ind2="7" tag="650"><subfield code="a">Cyberspace</subfield><subfield code="0">(DE-588)4266146-8</subfield><subfield code="2">gnd</subfield></datafield><datafield ind1=" " ind2="7" tag="650"><subfield code="a">Künstliche Intelligenz</subfield><subfield code="0">(DE-588)4033447-8</subfield><subfield code="2">gnd</subfield></datafield><datafield ind1=" " ind2="7" tag="650"><subfield code="a">Künstliches Leben</subfield><subfield code="0">(DE-588)4311694-2</subfield><subfield code="2">gnd</subfield></datafield><datafield ind1=" " ind2="7" tag="650"><subfield code="a">Mensch-Maschine-Kommunikation</subfield><subfield code="0">(DE-588)4125909-9</subfield><subfield code="2">gnd</subfield></datafield><datafield ind1=" " ind2="0" tag="650"><subfield code="a">Human-computer interaction</subfield></datafield><datafield ind1=" " ind2="0" tag="650"><subfield code="a">Virtual reality</subfield></datafield><datafield ind1=" " ind2="7" tag="650"><subfield code="a">ARTIFICIAL LIFE (KÜNSTLICHE INTELLIGENZ)</subfield><subfield code="9">ger</subfield><subfield code="0">(ETHUDK)000062501</subfield><subfield code="2">ethudk</subfield></datafield><datafield ind1=" " ind2="7" tag="650"><subfield code="a">COMPUTERSIMULATION</subfield><subfield code="9">ger</subfield><subfield code="0">(ETHUDK)000054749</subfield><subfield code="2">ethudk</subfield></datafield><datafield ind1=" " ind2="7" tag="650"><subfield code="a">VIRTUELLE WELTEN + VIRTUELLE REALITÄT + CYBERSPACE (COMPUTERSIMULATION)</subfield><subfield code="9">ger</subfield><subfield code="0">(ETHUDK)000049318</subfield><subfield code="2">ethudk</subfield></datafield><datafield ind1=" " ind2="7" tag="650"><subfield code="a">Simulation par ordinateur</subfield><subfield code="0">(IDREF)027351572</subfield><subfield code="2">idref</subfield></datafield><datafield ind1=" " ind2="7" tag="650"><subfield code="a">Intelligence artificielle</subfield><subfield code="0">(IDREF)027234541</subfield><subfield code="2">idref</subfield></datafield><datafield ind1=" " ind2="7" tag="650"><subfield code="a">Vie artificielle</subfield><subfield code="0">(IDREF)035004428</subfield><subfield code="2">idref</subfield></datafield><datafield ind1=" " ind2="7" tag="650"><subfield code="a">Réalité virtuelle</subfield><subfield code="0">(IDREF)032029772</subfield><subfield code="2">idref</subfield></datafield><datafield ind1=" " ind2="7" tag="650"><subfield code="a">Systèmes biologiques</subfield><subfield code="0">(IDREF)027411966</subfield><subfield code="2">idref</subfield></datafield><datafield ind1=" " ind2="7" tag="650"><subfield code="a">Simulation, Méthodes de</subfield><subfield code="0">(IDREF)027248763</subfield><subfield code="2">idref</subfield></datafield><datafield ind1=" " ind2="7" tag="650"><subfield code="a">Virtuelle Realität</subfield><subfield code="x">Künstliches Leben (Informatik)</subfield><subfield code="2">idsbb</subfield></datafield><datafield ind1=" " ind2="7" tag="650"><subfield code="a">Künstliches Leben (Informatik)</subfield><subfield code="x">Virtuelle Realität</subfield><subfield code="2">idsbb</subfield></datafield><datafield ind1=" " ind2="7" tag="655"><subfield code="a">Aufsatzsammlung</subfield><subfield code="2">idszbz</subfield></datafield><datafield ind1=" " ind2="7" tag="655"><subfield code="a">Konferenzschrift</subfield><subfield code="z">Genève</subfield><subfield code="y">1993/11</subfield><subfield code="2">gnd-content</subfield></datafield><datafield ind1="1" ind2=" " tag="700"><subfield code="a">Thalmann, Daniel</subfield><subfield code="d">1946-....</subfield><subfield code="0">(IDREF)059766468</subfield><subfield code="4">edt</subfield></datafield><datafield ind1="1" ind2=" " tag="700"><subfield code="a">Thalmann, Daniel</subfield></datafield><datafield ind1="2" ind2=" " tag="711"><subfield code="a">Workshop &quot;Artificial Life and Virtual Reality&quot;</subfield><subfield code="d">1993</subfield><subfield code="c">Geneva</subfield><subfield code="0">(DE-588)1091374988</subfield></datafield><datafield ind1=" " ind2=" " tag="900"><subfield code="a">REROnoselfmerge</subfield></datafield></record>
</metadata></record>