<record><header><identifier>oai:alma.41SLSP_UGE:991000795509705502</identifier><datestamp>2023-03-02T01:12:50Z</datestamp><setSpec>uge_bcen_RapidILL_BOOK</setSpec><setSpec>uge_aaca_RapidILL_BOOK</setSpec><setSpec>uge_abels_RapidILL_BOOK</setSpec><setSpec>uge_dbu_RapidILL_BOOK</setSpec><setSpec>uge_cmu_RapidILL_BOOK</setSpec><setSpec>uge_mail_RapidILL_BOOK</setSpec><setSpec>uge_abbat_RapidILL_BOOK</setSpec><setSpec>UNIGE_ALL</setSpec><setSpec>uge_aobs_RapidILL_BOOK</setSpec><setSpec>uge_acar_RapidILL_BOOK</setSpec></header><metadata>
<record xmlns="http://www.loc.gov/MARC21/slim" xmlns:xsi="http://www.w3.org/2001/XMLSchema-instance" xsi:schemaLocation="http://www.loc.gov/MARC21/slim http://www.loc.gov/standards/marcxml/schema/MARC21slim.xsd"><leader>02479nam a22004092c 4500</leader><controlfield tag="001">991000795509705502</controlfield><controlfield tag="005">20230227192514.0</controlfield><controlfield tag="008">120509s2012    be ||||| |||| 01| ||fre d</controlfield><datafield ind1=" " ind2=" " tag="020"><subfield code="a">9782503544724</subfield></datafield><datafield ind1=" " ind2=" " tag="035"><subfield code="a">(swissbib)115909273-41slsp_network</subfield></datafield><datafield ind1=" " ind2=" " tag="035"><subfield code="a">115909273</subfield><subfield code="9">ExL</subfield></datafield><datafield ind1=" " ind2=" " tag="035"><subfield code="a">(RERO)R007060654-41slsp</subfield></datafield><datafield ind1=" " ind2=" " tag="035"><subfield code="a">(EXLNZ-41SLSP_NETWORK)991093046069705501</subfield></datafield><datafield ind1=" " ind2=" " tag="040"><subfield code="a">ERASA</subfield><subfield code="d">CH-ZuSLS</subfield></datafield><datafield ind1="0" ind2=" " tag="041"><subfield code="a">fre</subfield><subfield code="a">eng</subfield></datafield><datafield ind1=" " ind2="4" tag="050"><subfield code="a">BL48-50</subfield></datafield><datafield ind1=" " ind2="7" tag="072"><subfield code="a">or</subfield><subfield code="2">rero</subfield></datafield><datafield ind1="0" ind2="4" tag="082"><subfield code="a">200</subfield></datafield><datafield ind1="0" ind2="0" tag="245"><subfield code="a">Aux abords de la clairière</subfield><subfield code="b">études indiennes et comparées en l'honneur de Charles Malamoud.</subfield><subfield code="c">sous la dir. de Silvia D'Intino et Caterina Guenzi</subfield></datafield><datafield ind1=" " ind2="1" tag="264"><subfield code="a">Turnhout</subfield><subfield code="b">Brepols</subfield><subfield code="c">2012</subfield></datafield><datafield ind1=" " ind2=" " tag="300"><subfield code="a">284 p.</subfield></datafield><datafield ind1=" " ind2=" " tag="336"><subfield code="b">txt</subfield><subfield code="2">rdacontent</subfield></datafield><datafield ind1=" " ind2=" " tag="337"><subfield code="b">n</subfield><subfield code="2">rdamedia</subfield></datafield><datafield ind1=" " ind2=" " tag="338"><subfield code="b">nc</subfield><subfield code="2">rdacarrier</subfield></datafield><datafield ind1="0" ind2=" " tag="490"><subfield code="a">Bibliothèque de l'Ecole des Hautes Etudes, Sciences Religieuses (BEHE)</subfield><subfield code="v">154</subfield></datafield><datafield ind1="1" ind2=" " tag="490"><subfield code="a">Histoire et prosopographie de la section des sciences religieuses</subfield><subfield code="v">7</subfield></datafield><datafield ind1=" " ind2=" " tag="500"><subfield code="a">Contributions en français et anglais</subfield></datafield><datafield ind1="8" ind2=" " tag="520"><subfield code="a">Charles Malamoud rappelle que le terme loka, qui désigne en sanskrit le monde, est apparenté au latin 'lucus', dont le sens premier est &quot;clairière&quot;. Le loka est un lieu de lumière, éclairé par les astres du jour et de la nuit. Il n'est cependant pas directement perçu comme un espace de lumière arraché à la forêt: le monde ne saurait subsister tout seul, sans le &quot;non-monde&quot; ('aloka') qui l'entoure. Réfléchir 'aux abords de la clairière' signifie donc saisir du même regard la forêt tout autour, penser l'articulation nécessaire entre monde et non-monde. Depuis une quarantaine d'années, les travaux de Charles Malamoud marquent le paysage des études indiennes en France comme à l'étranger et ne cessent d'ouvrir des pistes d'investigations, à la fois méthodologiques et conceptuelles, dans les sciences humaines et sociales</subfield></datafield><datafield ind1=" " ind2="7" tag="651"><subfield code="a">Inde</subfield><subfield code="0">(IDREF)027261980</subfield><subfield code="2">idref</subfield></datafield><datafield ind1=" " ind2="7" tag="655"><subfield code="a">Mélanges et hommages</subfield><subfield code="0">(IDREF)027414248</subfield><subfield code="2">idref</subfield></datafield><datafield ind1=" " ind2="7" tag="655"><subfield code="a">Études comparatives</subfield><subfield code="0">(IDREF)027803503</subfield><subfield code="2">idref</subfield></datafield><datafield ind1="1" ind2=" " tag="700"><subfield code="a">Guenzi, Caterina</subfield><subfield code="0">(RERO)A022560312</subfield></datafield><datafield ind1="1" ind2=" " tag="700"><subfield code="a">D'Intino, Silvia</subfield><subfield code="0">(RERO)A009094803</subfield></datafield><datafield ind1="1" ind2=" " tag="700"><subfield code="a">Malamoud, Charles</subfield><subfield code="0">(RERO)A003553402</subfield></datafield><datafield ind1=" " ind2=" " tag="830"><subfield code="a">Histoire et prosopographie de la Section des Sciences Religieuses</subfield><subfield code="v">7</subfield><subfield code="w">(RERO)R004184516-41slsp</subfield></datafield><datafield ind1=" " ind2=" " tag="830"><subfield code="a">Bibliothèque de l'Ecole des hautes études</subfield><subfield code="p">Section des sciences religieuses</subfield><subfield code="v">154</subfield><subfield code="w">(RERO)0075143-41slsp</subfield></datafield><datafield ind1=" " ind2=" " tag="900"><subfield code="a">REROnoselfmerge</subfield></datafield><datafield ind1=" " ind2=" " tag="910"><subfield code="a">OCoLC</subfield><subfield code="b">20120509</subfield><subfield code="c">Droits réservés</subfield></datafield></record>
</metadata></record>