<record><header><identifier>oai:alma.41SLSP_UGE:991000795589705502</identifier><datestamp>2023-03-01T01:09:49Z</datestamp><setSpec>uge_bcen_RapidILL_BOOK</setSpec><setSpec>uge_aaca_RapidILL_BOOK</setSpec><setSpec>uge_abels_RapidILL_BOOK</setSpec><setSpec>uge_dbu_RapidILL_BOOK</setSpec><setSpec>uge_cmu_RapidILL_BOOK</setSpec><setSpec>uge_mail_RapidILL_BOOK</setSpec><setSpec>UNIGE_ALL</setSpec><setSpec>uge_abbat_RapidILL_BOOK</setSpec><setSpec>uge_aobs_RapidILL_BOOK</setSpec><setSpec>uge_acar_RapidILL_BOOK</setSpec></header><metadata>
<record xmlns="http://www.loc.gov/MARC21/slim" xmlns:xsi="http://www.w3.org/2001/XMLSchema-instance" xsi:schemaLocation="http://www.loc.gov/MARC21/slim http://www.loc.gov/standards/marcxml/schema/MARC21slim.xsd"><leader>03866nam a2200457 c 4500</leader><controlfield tag="001">991000795589705502</controlfield><controlfield tag="005">20201222191423.0</controlfield><controlfield tag="008">130418s1964    ir ||||| |||| 00| ||ara d</controlfield><datafield ind1=" " ind2=" " tag="035"><subfield code="a">(swissbib)117249947-41slsp_network</subfield></datafield><datafield ind1=" " ind2=" " tag="035"><subfield code="a">117249947</subfield><subfield code="9">ExL</subfield></datafield><datafield ind1=" " ind2=" " tag="035"><subfield code="a">(RERO)R007280393-41slsp</subfield></datafield><datafield ind1=" " ind2=" " tag="035"><subfield code="a">(EXLNZ-41SLSP_NETWORK)991006674149705501</subfield></datafield><datafield ind1=" " ind2=" " tag="040"><subfield code="a">LGG</subfield><subfield code="d">CH-ZuSLS</subfield></datafield><datafield ind1=" " ind2="7" tag="072"><subfield code="a">th</subfield><subfield code="2">rero</subfield></datafield><datafield ind1="1" ind2=" " tag="100"><subfield code="6">880-01</subfield><subfield code="a">Shahīd al-Thānī, Zayn al-Dīn ibn ʿAlī</subfield><subfield code="d">1506-1559</subfield><subfield code="0">(RERO)A023254851</subfield><subfield code="4">cre</subfield></datafield><datafield ind1="1" ind2=" " tag="880"><subfield code="6">100-01/(3/r</subfield><subfield code="a">شهيد الثاني، زين الدين بن علي</subfield><subfield code="d">1506-1559</subfield></datafield><datafield ind1="1" ind2="0" tag="245"><subfield code="6">880-02</subfield><subfield code="a">&lt;&lt;al-&gt;&gt;Rawḍah al-bahīyah fī sharḥ al-Lumʿah al-Dimashqīyah</subfield></datafield><datafield ind1="1" ind2="0" tag="880"><subfield code="6">245-02/(3/r</subfield><subfield code="a">&lt;&lt;ال&gt;&gt;روضة البهية في شرح اللمعة الدمشقية</subfield></datafield><datafield ind1="1" ind2=" " tag="246"><subfield code="6">880-03</subfield><subfield code="a">Sharḥ-i Lumʿah</subfield></datafield><datafield ind1="1" ind2=" " tag="880"><subfield code="6">246-03/(3/r</subfield><subfield code="a">شرح لمعه</subfield></datafield><datafield ind1=" " ind2="1" tag="264"><subfield code="6">880-04</subfield><subfield code="a">Ṭihrān</subfield><subfield code="b">al-Maktabah al-ʿilmīyah al-Islāmīyah</subfield><subfield code="c">1384 [1964]</subfield></datafield><datafield ind1=" " ind2="1" tag="880"><subfield code="6">264-04/(3/r</subfield><subfield code="a">طهران</subfield><subfield code="b">المكتبة العلمية الاسلامية</subfield><subfield code="c">۱۳۸۴</subfield></datafield><datafield ind1=" " ind2=" " tag="300"><subfield code="a">2 vol.</subfield><subfield code="c">35 cm.</subfield></datafield><datafield ind1=" " ind2=" " tag="336"><subfield code="b">txt</subfield><subfield code="2">rdacontent</subfield></datafield><datafield ind1=" " ind2=" " tag="337"><subfield code="b">n</subfield><subfield code="2">rdamedia</subfield></datafield><datafield ind1=" " ind2=" " tag="338"><subfield code="b">nc</subfield><subfield code="2">rdacarrier</subfield></datafield><datafield ind1=" " ind2=" " tag="500"><subfield code="a">Titre de la couv.: Sharḥ-i Lumʿah bi-khaṭṭ ʿAbd al-Raḥīm, c'est-à-dire calligraphié par ʿAbd al-Raḥīm ibn Muḥammad Taqī al-Tabrīzī</subfield></datafield><datafield ind1=" " ind2=" " tag="500"><subfield code="a">Texte avec commentaires en marge</subfield></datafield><datafield ind1=" " ind2=" " tag="500"><subfield code="a">Facsimile d'une lithographie éditée en 1308-1310 [1890-1892?]</subfield></datafield><datafield ind1=" " ind2=" " tag="500"><subfield code="a">Catalogage d'après la p. de t. du vol. 2</subfield></datafield><datafield ind1=" " ind2=" " tag="500"><subfield code="a">عنوان روی جلد:  شرح لمعه بخط عبد الرحیم، یعنی عبد الرحيم بن محمد تقي التبريزي</subfield></datafield><datafield ind1="1" ind2="0" tag="600"><subfield code="a">Shahīd al-Awwal, Muḥammad ibn Makkī</subfield><subfield code="d">1333 or 4-1380.</subfield><subfield code="t">Lumʿah al-Dimashqīyah</subfield></datafield><datafield ind1=" " ind2="0" tag="650"><subfield code="a">Islamic law</subfield><subfield code="v">Early works to 1800</subfield></datafield><datafield ind1=" " ind2="0" tag="650"><subfield code="a">$a.Shīʿah</subfield><subfield code="v">Early works to 1800</subfield></datafield><datafield ind1=" " ind2="0" tag="650"><subfield code="a">$a.Shiites</subfield><subfield code="v">Early works to 1800</subfield></datafield><datafield ind1="1" ind2=" " tag="700"><subfield code="a">Shahīd al-Awwal, Muḥammad ibn Makkī</subfield><subfield code="d">ca. 1333-1380</subfield></datafield><datafield ind1="0" ind2=" " tag="700"><subfield code="6">880-07</subfield><subfield code="a">ʿAbd al-Raḥīm ibn Muḥammad Taqī al-Tabrīzī</subfield><subfield code="d">fl. 1875</subfield><subfield code="0">(RERO)A023280732</subfield></datafield><datafield ind1="0" ind2=" " tag="880"><subfield code="6">700-07/(3/r</subfield><subfield code="a">عبد الرحيم ابن محمد تقي التبريزي</subfield><subfield code="d">fl. 1875</subfield></datafield><datafield ind1="1" ind2="2" tag="700"><subfield code="6">880-08</subfield><subfield code="a">Shahīd al-Awwal, Muḥammad ibn Makkī</subfield><subfield code="d">ca. 1333-1380</subfield><subfield code="t">Lumʿah al-Dimashqīyah</subfield></datafield><datafield ind1="1" ind2="2" tag="880"><subfield code="6">700-08/(3/r</subfield><subfield code="a">شهيد الاول، محمد بن مكي</subfield><subfield code="d">ca. 1333-1380</subfield><subfield code="t">لمعة الدمشقية</subfield></datafield><datafield ind1=" " ind2=" " tag="900"><subfield code="a">REROnoselfmerge</subfield></datafield><datafield ind1=" " ind2=" " tag="910"><subfield code="a">OCoLC</subfield><subfield code="b">20130418</subfield><subfield code="c">Droits réservés</subfield></datafield></record>
</metadata></record><record><header status="deleted"><identifier>oai:alma.41SLSP_UGE:991000796009705502</identifier><datestamp>2023-11-15T01:25:28Z</datestamp><setSpec>uge_bcen_RapidILL_BOOK</setSpec><setSpec>uge_aaca_RapidILL_BOOK</setSpec><setSpec>uge_abels_RapidILL_BOOK</setSpec><setSpec>uge_dbu_RapidILL_BOOK</setSpec><setSpec>uge_cmu_RapidILL_BOOK</setSpec><setSpec>uge_mail_RapidILL_BOOK</setSpec><setSpec>uge_abbat_RapidILL_BOOK</setSpec><setSpec>UNIGE_ALL</setSpec><setSpec>uge_aobs_RapidILL_BOOK</setSpec><setSpec>uge_acar_RapidILL_BOOK</setSpec></header></record>