<record><header><identifier>oai:alma.41SLSP_UGE:991000795289705502</identifier><datestamp>2023-03-28T00:16:29Z</datestamp><setSpec>uge_bcen_RapidILL_BOOK</setSpec><setSpec>uge_aaca_RapidILL_BOOK</setSpec><setSpec>uge_abels_RapidILL_BOOK</setSpec><setSpec>uge_dbu_RapidILL_BOOK</setSpec><setSpec>uge_cmu_RapidILL_BOOK</setSpec><setSpec>uge_mail_RapidILL_BOOK</setSpec><setSpec>uge_abbat_RapidILL_BOOK</setSpec><setSpec>UNIGE_ALL</setSpec><setSpec>uge_aobs_RapidILL_BOOK</setSpec><setSpec>uge_acar_RapidILL_BOOK</setSpec></header><metadata>
<record xmlns="http://www.loc.gov/MARC21/slim" xmlns:xsi="http://www.w3.org/2001/XMLSchema-instance" xsi:schemaLocation="http://www.loc.gov/MARC21/slim http://www.loc.gov/standards/marcxml/schema/MARC21slim.xsd"><leader>01922nam a2200469 c 4500</leader><controlfield tag="001">991000795289705502</controlfield><controlfield tag="005">20230327171946.0</controlfield><controlfield tag="008">201012s1935    gw ||||| |||| 00| ||ger d</controlfield><datafield ind1=" " ind2=" " tag="019"><subfield code="a">RekatMedea: UKPHS Impressum bitte überprüfen + keine Laufnummer vorhanden</subfield><subfield code="5">NEBIS/25.08.2005 Medea</subfield></datafield><datafield ind1=" " ind2=" " tag="035"><subfield code="a">(swissbib)233056505-41slsp_network</subfield></datafield><datafield ind1=" " ind2=" " tag="035"><subfield code="a">233056505</subfield><subfield code="9">ExL</subfield></datafield><datafield ind1=" " ind2=" " tag="035"><subfield code="a">(RERO)1390615-41slsp</subfield></datafield><datafield ind1=" " ind2=" " tag="035"><subfield code="a">(NEBIS)003123913EBI01</subfield></datafield><datafield ind1=" " ind2=" " tag="035"><subfield code="a">(IDSBB)003107253DSV01</subfield></datafield><datafield ind1=" " ind2=" " tag="035"><subfield code="a">(NEBIS)008881750EBI01</subfield></datafield><datafield ind1=" " ind2=" " tag="035"><subfield code="a">(SBT)000883713SBT01</subfield></datafield><datafield ind1=" " ind2=" " tag="035"><subfield code="a">(EXLNZ-41SLSP_NETWORK)991136309829705501</subfield></datafield><datafield ind1=" " ind2=" " tag="040"><subfield code="a">RERO fru-le</subfield><subfield code="d">CH-ZuSLS</subfield></datafield><datafield ind1=" " ind2="7" tag="072"><subfield code="a">la</subfield><subfield code="2">rero</subfield></datafield><datafield ind1="1" ind2=" " tag="100"><subfield code="a">Svennung, Josef</subfield><subfield code="d">1895-1985</subfield><subfield code="0">(IDREF)085718246</subfield><subfield code="4">cre</subfield></datafield><datafield ind1="1" ind2="0" tag="245"><subfield code="a">Untersuchungen zu Palladius und zur lateinischen Fach- und Volkssprache</subfield><subfield code="c">J. Svennung</subfield></datafield><datafield ind1=" " ind2="1" tag="264"><subfield code="a">Leipzig [etc.]</subfield><subfield code="c">1935</subfield></datafield><datafield ind1=" " ind2=" " tag="300"><subfield code="a">698 S.</subfield></datafield><datafield ind1=" " ind2=" " tag="336"><subfield code="b">txt</subfield><subfield code="2">rdacontent</subfield></datafield><datafield ind1=" " ind2=" " tag="337"><subfield code="b">n</subfield><subfield code="2">rdamedia</subfield></datafield><datafield ind1=" " ind2=" " tag="338"><subfield code="b">nc</subfield><subfield code="2">rdacarrier</subfield></datafield><datafield ind1="1" ind2=" " tag="490"><subfield code="a">Arbeten utgivna med understöd av Vilhelm Ekmans Universitetsfond, Uppsala</subfield><subfield code="v">44</subfield></datafield><datafield ind1="1" ind2="7" tag="600"><subfield code="a">Palladius, Rutilius Taurus Aemilianus</subfield><subfield code="c">agronome</subfield><subfield code="d">03..-03..</subfield><subfield code="0">(IDREF)026666952</subfield><subfield code="2">idref</subfield></datafield><datafield ind1="1" ind2="4" tag="600"><subfield code="a">Palladius, Rutilius Taurus Aemilianus</subfield><subfield code="d">ca. 4. Jh</subfield></datafield><datafield ind1=" " ind2="7" tag="650"><subfield code="a">Langues</subfield><subfield code="0">(IDREF)027582639</subfield><subfield code="2">idref</subfield></datafield><datafield ind1=" " ind2="7" tag="650"><subfield code="a">Style</subfield><subfield code="0">(IDREF)027792978</subfield><subfield code="2">idref</subfield></datafield><datafield ind1=" " ind2="4" tag="650"><subfield code="a">Fachsprache</subfield></datafield><datafield ind1=" " ind2="4" tag="650"><subfield code="a">Latein</subfield></datafield><datafield ind1=" " ind2="4" tag="650"><subfield code="a">Sprache</subfield></datafield><datafield ind1=" " ind2="4" tag="650"><subfield code="a">Vulgärlatein</subfield></datafield><datafield ind1=" " ind2=" " tag="691"><subfield code="e">477</subfield><subfield code="a">Lingua latina arcaica, postclassica, volgare</subfield><subfield code="2">usi-TE</subfield></datafield><datafield ind1="1" ind2=" " tag="700"><subfield code="a">Svennung, Josef</subfield></datafield><datafield ind1=" " ind2=" " tag="830"><subfield code="a">Arbeten utgifna med understöd of Vilhelm Ekmans universitetsfond, Uppsala</subfield><subfield code="v">44</subfield><subfield code="w">(IDSBB)000097969DSV01</subfield></datafield><datafield ind1=" " ind2=" " tag="830"><subfield code="a">Bibliotheca Ekmaniana Universitatis Upsaliensis</subfield><subfield code="v">44</subfield><subfield code="w">(NEBIS)000986937EBI01</subfield></datafield><datafield ind1=" " ind2=" " tag="830"><subfield code="a">Arbeten utgivna med unterstöd av Vilhelm Ekmans Universitetsfond, Uppsala</subfield><subfield code="v">44</subfield><subfield code="w">(RERO)0882631-41slsp</subfield></datafield><datafield ind1=" " ind2=" " tag="900"><subfield code="a">REROnoselfmerge</subfield></datafield><datafield ind1=" " ind2=" " tag="900"><subfield code="a">IDSZRMedeaZBZ</subfield><subfield code="b">IDSZRSWK</subfield></datafield><datafield ind1=" " ind2=" " tag="900"><subfield code="a">IDSU2remark</subfield><subfield code="f">IDSU2medea</subfield></datafield></record>
</metadata></record>