<record><header><identifier>oai:alma.41SLSP_UGE:991000795809705502</identifier><datestamp>2024-10-20T00:09:31Z</datestamp><setSpec>uge_bcen_RapidILL_BOOK</setSpec><setSpec>uge_aaca_RapidILL_BOOK</setSpec><setSpec>uge_abels_RapidILL_BOOK</setSpec><setSpec>uge_dbu_RapidILL_BOOK</setSpec><setSpec>uge_cmu_RapidILL_BOOK</setSpec><setSpec>uge_mail_RapidILL_BOOK</setSpec><setSpec>uge_abbat_RapidILL_BOOK</setSpec><setSpec>UNIGE_ALL</setSpec><setSpec>uge_aobs_RapidILL_BOOK</setSpec><setSpec>uge_acar_RapidILL_BOOK</setSpec></header><metadata>
<record xmlns="http://www.loc.gov/MARC21/slim" xmlns:xsi="http://www.w3.org/2001/XMLSchema-instance" xsi:schemaLocation="http://www.loc.gov/MARC21/slim http://www.loc.gov/standards/marcxml/schema/MARC21slim.xsd"><leader>05453nam a2201321 c 4500</leader><controlfield tag="001">991000795809705502</controlfield><controlfield tag="005">20240308061602.0</controlfield><controlfield tag="008">201011t19821982sz            00| | fre d</controlfield><datafield ind1=" " ind2=" " tag="020"><subfield code="a">3280013984</subfield></datafield><datafield ind1="7" ind2=" " tag="024"><subfield code="a">http://catalogue.bnf.fr/ark:/12148/cb36660368x</subfield><subfield code="2">uri</subfield></datafield><datafield ind1=" " ind2=" " tag="035"><subfield code="a">(swissbib)217345301-41slsp_network</subfield></datafield><datafield ind1=" " ind2=" " tag="035"><subfield code="a">217345301</subfield><subfield code="9">ExL</subfield></datafield><datafield ind1=" " ind2=" " tag="035"><subfield code="a">(SBT)000024892SBT01</subfield></datafield><datafield ind1=" " ind2=" " tag="035"><subfield code="a">(NEBIS)000380407EBI01</subfield></datafield><datafield ind1=" " ind2=" " tag="035"><subfield code="a">(IDSLU)000165828ILU01</subfield></datafield><datafield ind1=" " ind2=" " tag="035"><subfield code="a">(IDSBB)000232411DSV01</subfield></datafield><datafield ind1=" " ind2=" " tag="035"><subfield code="a">(RERO)0522952-41slsp</subfield></datafield><datafield ind1=" " ind2=" " tag="035"><subfield code="a">(ABN)000007041ABN01</subfield></datafield><datafield ind1=" " ind2=" " tag="035"><subfield code="a">(ALEX)bv001426237</subfield></datafield><datafield ind1=" " ind2=" " tag="035"><subfield code="a">(EXLNZ-41SLSP_NETWORK)991156578049705501</subfield></datafield><datafield ind1=" " ind2=" " tag="040"><subfield code="a">RERO</subfield><subfield code="d">CH-ZuSLS</subfield></datafield><datafield ind1="0" ind2=" " tag="041"><subfield code="a">ger</subfield><subfield code="a">fre</subfield><subfield code="a">ita</subfield></datafield><datafield ind1=" " ind2="7" tag="072"><subfield code="a">450</subfield><subfield code="2">IDS LU</subfield></datafield><datafield ind1=" " ind2="7" tag="072"><subfield code="a">kh</subfield><subfield code="2">SzZuIDS BS/BE</subfield></datafield><datafield ind1=" " ind2="7" tag="072"><subfield code="a">at</subfield><subfield code="2">rero</subfield></datafield><datafield ind1="1" ind2=" " tag="080"><subfield code="a">904&quot;15/-&quot;(4CH):72(085)</subfield></datafield><datafield ind1="0" ind2="4" tag="082"><subfield code="a">720/.9494</subfield><subfield code="2">22</subfield></datafield><datafield ind1="1" ind2="4" tag="082"><subfield code="a">720.949 409034</subfield><subfield code="2">22</subfield></datafield><datafield ind1="1" ind2="4" tag="082"><subfield code="a">720.949 409041</subfield><subfield code="2">22</subfield></datafield><datafield ind1=" " ind2=" " tag="084"><subfield code="a">LL 87370</subfield><subfield code="2">rvk</subfield></datafield><datafield ind1=" " ind2=" " tag="084"><subfield code="a">9,10</subfield><subfield code="2">ssgn</subfield></datafield><datafield ind1=" " ind2=" " tag="084"><subfield code="a">LL 76000</subfield><subfield code="2">rvk</subfield></datafield><datafield ind1="0" ind2="0" tag="245"><subfield code="a">Delémont, Frauenfeld, Fribourg, Genève, Glarus</subfield><subfield code="c">[Red. Hanspeter Rebsamen, Peter Röllin]</subfield></datafield><datafield ind1=" " ind2="1" tag="264"><subfield code="a">Zürich</subfield><subfield code="a">Bern</subfield><subfield code="b">Orell Füssli</subfield><subfield code="b">Gesellschaft für schweizerische Kunstgeschichte</subfield><subfield code="c">1982</subfield></datafield><datafield ind1=" " ind2="4" tag="264"><subfield code="c">© 1982</subfield></datafield><datafield ind1=" " ind2=" " tag="300"><subfield code="a">491 p.</subfield><subfield code="b">ill.</subfield><subfield code="c">26 cm</subfield></datafield><datafield ind1=" " ind2=" " tag="336"><subfield code="b">txt</subfield><subfield code="2">rdacontent</subfield></datafield><datafield ind1=" " ind2=" " tag="337"><subfield code="b">n</subfield><subfield code="2">rdamedia</subfield></datafield><datafield ind1=" " ind2=" " tag="338"><subfield code="b">nc</subfield><subfield code="2">rdacarrier</subfield></datafield><datafield ind1="1" ind2=" " tag="490"><subfield code="a">Insa : Inventar der neueren Schweizer Architektur, 1850-1920: Städte</subfield><subfield code="v">4</subfield></datafield><datafield ind1=" " ind2="7" tag="648"><subfield code="a">Geschichte 1850-1920</subfield><subfield code="2">gnd</subfield></datafield><datafield ind1=" " ind2="7" tag="650"><subfield code="a">Architettura</subfield><subfield code="z">Svizzera</subfield><subfield code="y">1850-1920</subfield><subfield code="x">Inventari</subfield><subfield code="2">sbt12</subfield></datafield><datafield ind1=" " ind2="7" tag="650"><subfield code="a">Stadt</subfield><subfield code="0">(DE-588)4056723-0</subfield><subfield code="2">gnd</subfield></datafield><datafield ind1=" " ind2="0" tag="650"><subfield code="a">Architecture, Modern</subfield><subfield code="y">19th century</subfield></datafield><datafield ind1=" " ind2="0" tag="650"><subfield code="a">Architecture, Modern</subfield><subfield code="y">20th century</subfield></datafield><datafield ind1=" " ind2="0" tag="650"><subfield code="a">Architecture</subfield><subfield code="z">Switzerland</subfield></datafield><datafield ind1=" " ind2="0" tag="650"><subfield code="a">Architecture</subfield><subfield code="z">Switzerland</subfield><subfield code="x">History</subfield><subfield code="y">19th century</subfield></datafield><datafield ind1=" " ind2="0" tag="650"><subfield code="a">Architecture</subfield><subfield code="z">Switzerland</subfield><subfield code="x">History</subfield><subfield code="y">20th century</subfield></datafield><datafield ind1=" " ind2="0" tag="650"><subfield code="a">Architecture</subfield><subfield code="z">Switzerland</subfield><subfield code="y">19th century</subfield></datafield><datafield ind1=" " ind2="0" tag="650"><subfield code="a">Architecture</subfield><subfield code="z">Switzerland</subfield><subfield code="y">20th century</subfield></datafield><datafield ind1=" " ind2="0" tag="650"><subfield code="a">Cities and towns</subfield><subfield code="z">Switzerland</subfield></datafield><datafield ind1=" " ind2="7" tag="650"><subfield code="a">ARCHITEKTUR</subfield><subfield code="9">ger</subfield><subfield code="0">(ETHUDK)000035449</subfield><subfield code="2">ethudk</subfield></datafield><datafield ind1=" " ind2="7" tag="650"><subfield code="a">ARCHITEKTURINVENTARE + ARCHITEKTURFÜHRER</subfield><subfield code="9">ger</subfield><subfield code="0">(ETHUDK)000035450</subfield><subfield code="2">ethudk</subfield></datafield><datafield ind1=" " ind2="7" tag="650"><subfield code="a">DELÉMONT, ORT (KANTON JURA)</subfield><subfield code="9">ger</subfield><subfield code="0">(ETHUDK)000005005</subfield><subfield code="2">ethudk</subfield></datafield><datafield ind1=" " ind2="7" tag="650"><subfield code="a">FRAUENFELD, STADT (KANTON THURGAU)</subfield><subfield code="9">ger</subfield><subfield code="0">(ETHUDK)000005416</subfield><subfield code="2">ethudk</subfield></datafield><datafield ind1=" " ind2="7" tag="650"><subfield code="a">FREIBURG, STADT (KANTON FREIBURG)</subfield><subfield code="9">ger</subfield><subfield code="0">(ETHUDK)000005692</subfield><subfield code="2">ethudk</subfield></datafield><datafield ind1=" " ind2="7" tag="650"><subfield code="a">GENF, STADT (KANTON GENF)</subfield><subfield code="9">ger</subfield><subfield code="0">(ETHUDK)000005768</subfield><subfield code="2">ethudk</subfield></datafield><datafield ind1=" " ind2="7" tag="650"><subfield code="a">GLARUS, STADT (KANTON GLARUS)</subfield><subfield code="9">ger</subfield><subfield code="0">(ETHUDK)000005104</subfield><subfield code="2">ethudk</subfield></datafield><datafield ind1=" " ind2="7" tag="650"><subfield code="a">SCHWEIZ (MITTELEUROPA). SCHWEIZERISCHE EIDGENOSSENSCHAFT</subfield><subfield code="9">ger</subfield><subfield code="0">(ETHUDK)000004571</subfield><subfield code="2">ethudk</subfield></datafield><datafield ind1=" " ind2="7" tag="650"><subfield code="a">STADTPLANUNG + STÄDTEBAU (GEBAUTE UMWELT)</subfield><subfield code="9">ger</subfield><subfield code="0">(ETHUDK)000035376</subfield><subfield code="2">ethudk</subfield></datafield><datafield ind1=" " ind2="7" tag="650"><subfield code="a">&quot;1850/1920&quot;</subfield><subfield code="2">ethudk</subfield></datafield><datafield ind1=" " ind2="7" tag="650"><subfield code="a">Architektur</subfield><subfield code="0">(DE-588)4002851-3</subfield><subfield code="2">gnd</subfield></datafield><datafield ind1=" " ind2="7" tag="650"><subfield code="a">Städtebau</subfield><subfield code="0">(DE-588)4056795-3</subfield><subfield code="2">gnd</subfield></datafield><datafield ind1=" " ind2="7" tag="650"><subfield code="a">Architektur</subfield><subfield code="9">ger</subfield><subfield code="0">(RERO)jurivoc000001723ger</subfield><subfield code="2">jurivoc</subfield></datafield><datafield ind1=" " ind2="7" tag="650"><subfield code="a">Aufzählung</subfield><subfield code="9">ger</subfield><subfield code="0">(RERO)jurivoc000002115ger</subfield><subfield code="2">jurivoc</subfield></datafield><datafield ind1=" " ind2="7" tag="650"><subfield code="a">1850-1920</subfield><subfield code="2">rero</subfield></datafield><datafield ind1=" " ind2="7" tag="650"><subfield code="a">Architecture suisse</subfield><subfield code="0">(RERO)A022419336</subfield><subfield code="2">rero</subfield></datafield><datafield ind1=" " ind2="7" tag="651"><subfield code="a">Aarau</subfield><subfield code="0">(DE-588)4000018-7</subfield><subfield code="2">gnd</subfield></datafield><datafield ind1=" " ind2="7" tag="651"><subfield code="a">Appenzell</subfield><subfield code="0">(DE-588)4002485-4</subfield><subfield code="2">gnd</subfield></datafield><datafield ind1=" " ind2="7" tag="651"><subfield code="a">Baden</subfield><subfield code="g">Aargau</subfield><subfield code="0">(DE-588)4004164-5</subfield><subfield code="2">gnd</subfield></datafield><datafield ind1=" " ind2="7" tag="651"><subfield code="a">Schweiz</subfield><subfield code="0">(DE-588)4053881-3</subfield><subfield code="2">gnd</subfield></datafield><datafield ind1=" " ind2="0" tag="651"><subfield code="a">Switzerland</subfield><subfield code="x">Description and travel</subfield></datafield><datafield ind1=" " ind2="7" tag="651"><subfield code="a">Delémont</subfield><subfield code="0">(DE-588)4266795-1</subfield><subfield code="2">gnd</subfield></datafield><datafield ind1=" " ind2="7" tag="651"><subfield code="a">Frauenfeld</subfield><subfield code="0">(DE-588)4018220-4</subfield><subfield code="2">gnd</subfield></datafield><datafield ind1=" " ind2="7" tag="651"><subfield code="a">Freiburg im Üechtland</subfield><subfield code="0">(DE-588)4071444-5</subfield><subfield code="2">gnd</subfield></datafield><datafield ind1=" " ind2="7" tag="651"><subfield code="a">Genf</subfield><subfield code="0">(DE-588)4020137-5</subfield><subfield code="2">gnd</subfield></datafield><datafield ind1=" " ind2="7" tag="651"><subfield code="a">Glarus</subfield><subfield code="0">(DE-588)4021139-3</subfield><subfield code="2">gnd</subfield></datafield><datafield ind1=" " ind2="7" tag="651"><subfield code="a">Schweiz</subfield><subfield code="9">ger</subfield><subfield code="0">(RERO)jurivoc000019912ger</subfield><subfield code="2">jurivoc</subfield></datafield><datafield ind1=" " ind2="7" tag="651"><subfield code="a">Delémont (Jura, Suisse)</subfield><subfield code="0">(IDREF)027928780</subfield><subfield code="2">idref</subfield></datafield><datafield ind1=" " ind2="7" tag="651"><subfield code="a">Frauenfeld (Suisse)</subfield><subfield code="0">(IDREF)034070389</subfield><subfield code="2">idref</subfield></datafield><datafield ind1=" " ind2="7" tag="651"><subfield code="a">Fribourg (Fribourg, Suisse)</subfield><subfield code="0">(IDREF)027526836</subfield><subfield code="2">idref</subfield></datafield><datafield ind1=" " ind2="7" tag="651"><subfield code="a">Genève (Genève, Suisse)</subfield><subfield code="0">(IDREF)02726453X</subfield><subfield code="2">idref</subfield></datafield><datafield ind1=" " ind2="7" tag="651"><subfield code="a">Glaris (Suisse)</subfield><subfield code="0">(IDREF)030584442</subfield><subfield code="2">idref</subfield></datafield><datafield ind1=" " ind2="7" tag="655"><subfield code="a">Inventar</subfield><subfield code="2">gnd-content</subfield></datafield><datafield ind1=" " ind2=" " tag="690"><subfield code="a">Delémont</subfield><subfield code="x">Architektur</subfield><subfield code="2">nebis-E4</subfield></datafield><datafield ind1=" " ind2=" " tag="690"><subfield code="a">Frauenfeld</subfield><subfield code="x">Architektur</subfield><subfield code="2">nebis-E4</subfield></datafield><datafield ind1=" " ind2=" " tag="690"><subfield code="a">Freiburg (Üechtland)</subfield><subfield code="x">Architektur</subfield><subfield code="2">nebis-E4</subfield></datafield><datafield ind1=" " ind2=" " tag="690"><subfield code="a">Genève</subfield><subfield code="x">Architektur</subfield><subfield code="2">nebis-E4</subfield></datafield><datafield ind1=" " ind2=" " tag="690"><subfield code="a">Glarus</subfield><subfield code="x">Architektur</subfield><subfield code="2">nebis-E4</subfield></datafield><datafield ind1=" " ind2=" " tag="690"><subfield code="a">Städtebau</subfield><subfield code="2">nebis-E4</subfield></datafield><datafield ind1=" " ind2=" " tag="690"><subfield code="a">Schweiz</subfield><subfield code="x">Architektur</subfield><subfield code="x">1850-1900</subfield><subfield code="2">nebis-E4</subfield></datafield><datafield ind1=" " ind2=" " tag="690"><subfield code="a">Genf. Inventar</subfield><subfield code="2">uzb-US</subfield></datafield><datafield ind1=" " ind2=" " tag="690"><subfield code="a">Schweiz : Architektur : Stadt : Geschichte 1850-1920 : Inventar</subfield><subfield code="2">uzb-UL</subfield></datafield><datafield ind1=" " ind2=" " tag="690"><subfield code="a">Glarus. Inventar</subfield><subfield code="2">uzb-US</subfield></datafield><datafield ind1=" " ind2=" " tag="690"><subfield code="a">Freiburg/Fribourg. Inventar</subfield><subfield code="2">uzb-US</subfield></datafield><datafield ind1=" " ind2=" " tag="690"><subfield code="a">Frauenfeld. Inventar</subfield><subfield code="2">uzb-US</subfield></datafield><datafield ind1=" " ind2=" " tag="690"><subfield code="a">Delémont. Inventar</subfield><subfield code="2">uzb-US</subfield></datafield><datafield ind1=" " ind2=" " tag="690"><subfield code="a">Schweiz</subfield><subfield code="x">Architektur</subfield><subfield code="x">1900-1945</subfield><subfield code="2">nebis-E4</subfield></datafield><datafield ind1=" " ind2=" " tag="690"><subfield code="a">Delémont</subfield><subfield code="2">ubs-A5</subfield></datafield><datafield ind1=" " ind2=" " tag="690"><subfield code="a">Frauenfeld</subfield><subfield code="2">ubs-A5</subfield></datafield><datafield ind1=" " ind2=" " tag="690"><subfield code="a">Fribourg</subfield><subfield code="2">ubs-A5</subfield></datafield><datafield ind1=" " ind2=" " tag="690"><subfield code="a">Genf</subfield><subfield code="2">ubs-A5</subfield></datafield><datafield ind1=" " ind2=" " tag="690"><subfield code="a">Glarus</subfield><subfield code="2">ubs-A5</subfield></datafield><datafield ind1=" " ind2=" " tag="691"><subfield code="e">720(03)(494)</subfield><subfield code="2">usi-TM</subfield></datafield><datafield ind1="1" ind2=" " tag="700"><subfield code="a">Barbey, Gilles</subfield></datafield><datafield ind1="1" ind2=" " tag="700"><subfield code="a">Rebsamen, Hanspeter</subfield></datafield><datafield ind1="1" ind2=" " tag="700"><subfield code="a">Röllin, Peter</subfield></datafield><datafield ind1=" " ind2="0" tag="830"><subfield code="a">INSA</subfield><subfield code="v">4</subfield><subfield code="w">(NEBIS)000380403EBI01</subfield></datafield><datafield ind1=" " ind2="0" tag="830"><subfield code="a">Insa</subfield><subfield code="v">4</subfield><subfield code="w">(RERO)0522428-41slsp</subfield></datafield><datafield ind1=" " ind2="0" tag="830"><subfield code="a">Insa</subfield><subfield code="v">4</subfield><subfield code="w">(SBT)000003328SBT01</subfield></datafield><datafield ind1=" " ind2="0" tag="830"><subfield code="a">Inventar der neueren Schweizer Architektur 1850-1920</subfield><subfield code="v">4</subfield><subfield code="w">(IDSLU)000165826ILU01</subfield></datafield><datafield ind1=" " ind2="0" tag="830"><subfield code="a">INSA</subfield><subfield code="v">4</subfield><subfield code="w">(IDSBB)000024872DSV01</subfield></datafield><datafield ind1="4" ind2="1" tag="856"><subfield code="u">http://www.e-periodica.ch/digbib/view?pid=ins-001:1982:4#3</subfield></datafield><datafield ind1=" " ind2=" " tag="900"><subfield code="a">IDST9limend</subfield></datafield><datafield ind1=" " ind2=" " tag="993"><subfield code="a">BFLB 1020/4</subfield><subfield code="x">ge/ulha/d/85/51</subfield><subfield code="9">LOCAL</subfield></datafield></record>
</metadata></record>