<record><header><identifier>oai:alma.41SLSP_UGE:991000796119705502</identifier><datestamp>2023-09-07T00:39:22Z</datestamp><setSpec>uge_bcen_RapidILL_BOOK</setSpec><setSpec>uge_aaca_RapidILL_BOOK</setSpec><setSpec>uge_abels_RapidILL_BOOK</setSpec><setSpec>uge_dbu_RapidILL_BOOK</setSpec><setSpec>uge_cmu_RapidILL_BOOK</setSpec><setSpec>uge_mail_RapidILL_BOOK</setSpec><setSpec>uge_abbat_RapidILL_BOOK</setSpec><setSpec>UNIGE_ALL</setSpec><setSpec>uge_acar_RapidILL_BOOK</setSpec><setSpec>uge_aobs_RapidILL_BOOK</setSpec></header><metadata>
<record xmlns="http://www.loc.gov/MARC21/slim" xmlns:xsi="http://www.w3.org/2001/XMLSchema-instance" xsi:schemaLocation="http://www.loc.gov/MARC21/slim http://www.loc.gov/standards/marcxml/schema/MARC21slim.xsd"><leader>02388nam a2200469 c 4500</leader><controlfield tag="001">991000796119705502</controlfield><controlfield tag="005">20230214202918.0</controlfield><controlfield tag="008">201012t19941994fr ||||| |||| 00| ||fre d</controlfield><datafield ind1=" " ind2=" " tag="020"><subfield code="a">9782878440195</subfield></datafield><datafield ind1=" " ind2=" " tag="020"><subfield code="a">2878440196</subfield></datafield><datafield ind1="7" ind2=" " tag="024"><subfield code="a">http://catalogue.bnf.fr/ark:/12148/cb36683743t</subfield><subfield code="2">uri</subfield></datafield><datafield ind1=" " ind2=" " tag="035"><subfield code="a">(swissbib)238433048-41slsp_network</subfield></datafield><datafield ind1=" " ind2=" " tag="035"><subfield code="a">238433048</subfield><subfield code="9">ExL</subfield></datafield><datafield ind1=" " ind2=" " tag="035"><subfield code="a">(RERO)1949480-41slsp</subfield></datafield><datafield ind1=" " ind2=" " tag="035"><subfield code="a">(RERO)R006167160-41slsp</subfield></datafield><datafield ind1=" " ind2=" " tag="035"><subfield code="a">(NEBIS)001399191EBI01</subfield></datafield><datafield ind1=" " ind2=" " tag="035"><subfield code="a">(EXLNZ-41SLSP_NETWORK)991155501019705501</subfield></datafield><datafield ind1=" " ind2=" " tag="040"><subfield code="a">RERO vsbcvs</subfield><subfield code="d">CH-ZuSLS</subfield></datafield><datafield ind1=" " ind2="7" tag="072"><subfield code="a">ha</subfield><subfield code="2">rero</subfield></datafield><datafield ind1=" " ind2="7" tag="072"><subfield code="a">ar</subfield><subfield code="2">rero</subfield></datafield><datafield ind1=" " ind2="7" tag="072"><subfield code="a">zz</subfield><subfield code="2">rero</subfield></datafield><datafield ind1="1" ind2=" " tag="100"><subfield code="a">Bocquet, Aimé</subfield><subfield code="c">auteur en sciences</subfield><subfield code="d">1929-2017</subfield><subfield code="0">(IDREF)033833699</subfield><subfield code="4">cre</subfield></datafield><datafield ind1="1" ind2="0" tag="245"><subfield code="a">Charavines il y a 5000 ans</subfield><subfield code="c">textes de Aimé Bocquet ; dessins de André Houot</subfield></datafield><datafield ind1="1" ind2=" " tag="246"><subfield code="a">Charavines il y a 5000 ans</subfield></datafield><datafield ind1=" " ind2="1" tag="264"><subfield code="a">Dijon</subfield><subfield code="b">Ed. Faton</subfield><subfield code="c">1994</subfield></datafield><datafield ind1=" " ind2="4" tag="264"><subfield code="c">©1994</subfield></datafield><datafield ind1=" " ind2=" " tag="300"><subfield code="a">104 p.</subfield><subfield code="b">ill. en noir et en coul.</subfield><subfield code="c">29 cm</subfield></datafield><datafield ind1=" " ind2=" " tag="336"><subfield code="b">txt</subfield><subfield code="2">rdacontent</subfield></datafield><datafield ind1=" " ind2=" " tag="337"><subfield code="b">n</subfield><subfield code="2">rdamedia</subfield></datafield><datafield ind1=" " ind2=" " tag="338"><subfield code="b">nc</subfield><subfield code="2">rdacarrier</subfield></datafield><datafield ind1="1" ind2=" " tag="490"><subfield code="a">Les dossiers d'archéologie</subfield><subfield code="v">no 199</subfield></datafield><datafield ind1=" " ind2=" " tag="500"><subfield code="a">Untertitel auf dem Umschlag: La vie quotidienne dans un village néolithique au bord d'un lac des Alpes</subfield></datafield><datafield ind1=" " ind2=" " tag="504"><subfield code="a">Bibliogr.: p. 103-104</subfield></datafield><datafield ind1="8" ind2=" " tag="520"><subfield code="a">Entre 1972 et 1986 se déroulèrenr d'importantes fouilles subaquatiques à l'emplacement du gisement des Baigneurs, sur les bords du lac de Paladru, en Dauphiné. L'objectif des archéologues-plongeurs était d'étudier très attentivement les vestiges d'un petit village néolithique remontant au IIIe millénaire av. J.-C. [...] Cet ouvrage vous convie à découvrir les vestiges matériels de ces hommes du Néolithique, mais il vous invite aussi, par le texte, à réfléchir sur la conception que l'on peut avoir d'une culture différente de la nôtre.[...]</subfield><subfield code="5">RERO/njhep-/09.2011</subfield></datafield><datafield ind1=" " ind2="7" tag="650"><subfield code="a">Néolithique</subfield><subfield code="0">(IDREF)027476510</subfield><subfield code="2">idref</subfield></datafield><datafield ind1=" " ind2="7" tag="650"><subfield code="a">vie quotidienne</subfield><subfield code="0">(RERO)A010036329</subfield><subfield code="2">rerovoc</subfield></datafield><datafield ind1=" " ind2="7" tag="650"><subfield code="a">ABBILDUNGEN UND BILDWERKE (DOKUMENTENTYP)</subfield><subfield code="9">ger</subfield><subfield code="0">(ETHUDK)000000115</subfield><subfield code="2">ethudk</subfield></datafield><datafield ind1=" " ind2="7" tag="650"><subfield code="a">VORGESCHICHTLICHE UFERSIEDLUNGEN + VORGESCHICHTLICHE PFAHLBAUTEN</subfield><subfield code="9">ger</subfield><subfield code="0">(ETHUDK)000036584</subfield><subfield code="2">ethudk</subfield></datafield><datafield ind1=" " ind2="7" tag="651"><subfield code="a">Charavines (France)</subfield><subfield code="0">(RERO)A010063122</subfield><subfield code="2">rero</subfield></datafield><datafield ind1="1" ind2=" " tag="700"><subfield code="a">Houot, Bernard</subfield><subfield code="0">(RERO)A003385039</subfield></datafield><datafield ind1="1" ind2=" " tag="700"><subfield code="a">Houot, André</subfield><subfield code="d">1947-....</subfield><subfield code="0">(IDREF)029554160</subfield></datafield><datafield ind1=" " ind2=" " tag="830"><subfield code="a">&lt;&lt;Les&gt;&gt; dossiers d'archéologie</subfield><subfield code="v">199</subfield><subfield code="w">(RERO)1133208-41slsp</subfield></datafield><datafield ind1=" " ind2=" " tag="900"><subfield code="a">REROnoselfmerge</subfield></datafield></record>
</metadata></record>