<record><header><identifier>oai:alma.41SLSP_UGE:991000796149705502</identifier><datestamp>2023-06-20T00:19:57Z</datestamp><setSpec>uge_bcen_RapidILL_BOOK</setSpec><setSpec>uge_aaca_RapidILL_BOOK</setSpec><setSpec>uge_abels_RapidILL_BOOK</setSpec><setSpec>uge_dbu_RapidILL_BOOK</setSpec><setSpec>uge_cmu_RapidILL_BOOK</setSpec><setSpec>uge_mail_RapidILL_BOOK</setSpec><setSpec>uge_abbat_RapidILL_BOOK</setSpec><setSpec>UNIGE_ALL</setSpec><setSpec>uge_acar_RapidILL_BOOK</setSpec><setSpec>uge_aobs_RapidILL_BOOK</setSpec></header><metadata>
<record xmlns="http://www.loc.gov/MARC21/slim" xmlns:xsi="http://www.w3.org/2001/XMLSchema-instance" xsi:schemaLocation="http://www.loc.gov/MARC21/slim http://www.loc.gov/standards/marcxml/schema/MARC21slim.xsd"><leader>03214nam a2200745 c 4500</leader><controlfield tag="001">991000796149705502</controlfield><controlfield tag="005">20230619204505.0</controlfield><controlfield tag="008">201012s1982    fr            00| | fre d</controlfield><datafield ind1=" " ind2=" " tag="020"><subfield code="a">2903264015</subfield></datafield><datafield ind1=" " ind2=" " tag="035"><subfield code="a">(swissbib)233270361-41slsp_network</subfield></datafield><datafield ind1=" " ind2=" " tag="035"><subfield code="a">233270361</subfield><subfield code="9">ExL</subfield></datafield><datafield ind1=" " ind2=" " tag="035"><subfield code="a">(NEBIS)005832222EBI01</subfield></datafield><datafield ind1=" " ind2=" " tag="035"><subfield code="a">(RERO)0434536-41slsp</subfield></datafield><datafield ind1=" " ind2=" " tag="035"><subfield code="a">(IDSBB)000034468DSV01</subfield></datafield><datafield ind1=" " ind2=" " tag="035"><subfield code="a">(EXLNZ-41SLSP_NETWORK)991008126179705501</subfield></datafield><datafield ind1=" " ind2=" " tag="040"><subfield code="a">SzZuIDS BS/BE A100</subfield><subfield code="d">CH-ZuSLS</subfield></datafield><datafield ind1=" " ind2=" " tag="050"><subfield code="a">DS54.3</subfield><subfield code="b">.C46 1982</subfield></datafield><datafield ind1=" " ind2="7" tag="072"><subfield code="a">ar</subfield><subfield code="2">rero</subfield></datafield><datafield ind1=" " ind2="7" tag="072"><subfield code="a">ar</subfield><subfield code="2">SzZuIDS BS/BE</subfield></datafield><datafield ind1="1" ind2=" " tag="080"><subfield code="a">904(393.7):738</subfield></datafield><datafield ind1="0" ind2="0" tag="082"><subfield code="a">739.5/12</subfield><subfield code="2">20</subfield></datafield><datafield ind1="0" ind2="4" tag="082"><subfield code="a">956.45</subfield></datafield><datafield ind1="1" ind2="4" tag="082"><subfield code="a">930</subfield><subfield code="2">15</subfield></datafield><datafield ind1="1" ind2="4" tag="082"><subfield code="a">956.45</subfield></datafield><datafield ind1=" " ind2=" " tag="084"><subfield code="a">LF 6570</subfield><subfield code="2">rvk</subfield></datafield><datafield ind1=" " ind2=" " tag="084"><subfield code="a">6,14</subfield><subfield code="2">ssgn</subfield></datafield><datafield ind1="1" ind2=" " tag="100"><subfield code="a">Chavane, Marie-José</subfield><subfield code="c">archéologue</subfield><subfield code="0">(IDREF)070120153</subfield><subfield code="4">cre</subfield></datafield><datafield ind1="1" ind2="0" tag="245"><subfield code="a">Vases de bronze du Musée de Chypre (IXe - IVe s. av. J.-C.)</subfield><subfield code="c">par Marie-José Chavane</subfield></datafield><datafield ind1=" " ind2="1" tag="264"><subfield code="a">Lyon</subfield><subfield code="b">Maison de l'Orient</subfield><subfield code="c">1982</subfield></datafield><datafield ind1=" " ind2=" " tag="300"><subfield code="a">84 p.</subfield><subfield code="b">ill.</subfield><subfield code="c">25 cm</subfield></datafield><datafield ind1=" " ind2=" " tag="336"><subfield code="b">txt</subfield><subfield code="2">rdacontent</subfield></datafield><datafield ind1=" " ind2=" " tag="337"><subfield code="b">n</subfield><subfield code="2">rdamedia</subfield></datafield><datafield ind1=" " ind2=" " tag="338"><subfield code="b">nc</subfield><subfield code="2">rdacarrier</subfield></datafield><datafield ind1="1" ind2=" " tag="490"><subfield code="a">Collection de la Maison de l'Orient Méditerranéen</subfield><subfield code="v">no 11</subfield></datafield><datafield ind1="1" ind2=" " tag="490"><subfield code="a">Collection de la Maison de l'Orient Méditerranéen. Série archéologique</subfield><subfield code="v">8</subfield></datafield><datafield ind1="1" ind2=" " tag="490"><subfield code="a">Collection de la Maison de l'0rient méditerranéen</subfield><subfield code="a">Série archéologique</subfield><subfield code="v">8</subfield></datafield><datafield ind1=" " ind2=" " tag="504"><subfield code="a">Bibliogr. S. 79-84</subfield></datafield><datafield ind1="2" ind2="7" tag="610"><subfield code="a">Kypriako Museio</subfield><subfield code="0">(DE-588)4028081-0</subfield><subfield code="2">gnd</subfield></datafield><datafield ind1="2" ind2="0" tag="610"><subfield code="a">Kypriakon Mouseion (Cyprus)</subfield><subfield code="v">Catalogs</subfield></datafield><datafield ind1="2" ind2="7" tag="610"><subfield code="a">Musée de Chypre (Salamine)</subfield><subfield code="0">(RERO)A010121094</subfield><subfield code="2">rero</subfield></datafield><datafield ind1="2" ind2="0" tag="610"><subfield code="6">880-02</subfield><subfield code="a">Kypriakon Mouseion (Cyprus)</subfield><subfield code="v">Catalogs</subfield></datafield><datafield ind1=" " ind2="7" tag="648"><subfield code="a">Geschichte 1100 v. Chr.-300 v. Chr</subfield><subfield code="2">gnd</subfield></datafield><datafield ind1=" " ind2="7" tag="650"><subfield code="a">Bronzegefäß</subfield><subfield code="0">(DE-588)4146675-5</subfield><subfield code="2">gnd</subfield></datafield><datafield ind1=" " ind2="0" tag="650"><subfield code="a">Bronze implements</subfield><subfield code="z">Cyprus</subfield><subfield code="v">Catalogs</subfield></datafield><datafield ind1=" " ind2="0" tag="650"><subfield code="a">Bronze implements</subfield><subfield code="z">Cyprus</subfield><subfield code="x">Catalogs</subfield></datafield><datafield ind1=" " ind2="7" tag="650"><subfield code="a">METALLFUNDE + PALAEOMETALLURGIE (VORGESCHICHTE)</subfield><subfield code="9">ger</subfield><subfield code="0">(ETHUDK)000055468</subfield><subfield code="2">ethudk</subfield></datafield><datafield ind1=" " ind2="7" tag="650"><subfield code="a">METALLGEFAESSE (VORGESCHICHTE)</subfield><subfield code="9">ger</subfield><subfield code="0">(ETHUDK)000057518</subfield><subfield code="2">ethudk</subfield></datafield><datafield ind1=" " ind2="7" tag="650"><subfield code="a">MUSEUMSKATALOGE</subfield><subfield code="9">ger</subfield><subfield code="0">(ETHUDK)000009327</subfield><subfield code="2">ethudk</subfield></datafield><datafield ind1=" " ind2="7" tag="650"><subfield code="a">VASEN (ARCHAEOLOGIE, HISTOR.)</subfield><subfield code="9">ger</subfield><subfield code="0">(ETHUDK)000050864</subfield><subfield code="2">ethudk</subfield></datafield><datafield ind1=" " ind2="7" tag="650"><subfield code="a">&quot;-1100/-0300&quot;</subfield><subfield code="2">ethudk</subfield></datafield><datafield ind1=" " ind2="7" tag="650"><subfield code="a">vase en bronze</subfield><subfield code="0">(RERO)A010035763</subfield><subfield code="2">rerovoc</subfield></datafield><datafield ind1=" " ind2="7" tag="650"><subfield code="a">9e siècle av. J.-C.-4e siècle av. J.-C.</subfield><subfield code="2">idref</subfield></datafield><datafield ind1=" " ind2="7" tag="650"><subfield code="a">Bronzegefäss</subfield><subfield code="z">Zypern</subfield><subfield code="x">Museum</subfield><subfield code="v">Katalog</subfield><subfield code="2">idsbb</subfield></datafield><datafield ind1=" " ind2="0" tag="651"><subfield code="a">Cyprus</subfield><subfield code="x">Antiquities</subfield><subfield code="v">Catalogs</subfield></datafield><datafield ind1=" " ind2="0" tag="651"><subfield code="a">Cyprus</subfield><subfield code="x">Antiquities</subfield><subfield code="x">Catalogs</subfield></datafield><datafield ind1=" " ind2="7" tag="651"><subfield code="a">Nikosia</subfield><subfield code="x">Museum</subfield><subfield code="v">Katalog</subfield><subfield code="2">idsbb</subfield></datafield><datafield ind1=" " ind2="0" tag="651"><subfield code="6">880-01</subfield><subfield code="a">Cyprus</subfield><subfield code="x">Antiquities</subfield><subfield code="v">Catalogs</subfield></datafield><datafield ind1=" " ind2="7" tag="655"><subfield code="a">Katalog</subfield><subfield code="2">gnd-content</subfield></datafield><datafield ind1="2" ind2=" " tag="710"><subfield code="a">Kypriako Museio</subfield><subfield code="0">(DE-588)4028081-0</subfield></datafield><datafield ind1=" " ind2="0" tag="830"><subfield code="a">Collection de la Maison de l'Orient et de la Méditerranée</subfield><subfield code="p">Série archéologique</subfield><subfield code="v">8</subfield><subfield code="w">(IDSBB)003784043DSV01</subfield></datafield><datafield ind1=" " ind2="0" tag="830"><subfield code="a">Collection de la Maison de l'Orient Méditerranéen</subfield><subfield code="p">Série archéologique</subfield><subfield code="v">8</subfield><subfield code="w">(NEBIS)004936202EBI01</subfield></datafield><datafield ind1=" " ind2="0" tag="830"><subfield code="a">Collection de la Maison de l'Orient et de la Méditerranée</subfield><subfield code="v">11</subfield><subfield code="w">(IDSBB)000017965DSV01</subfield></datafield><datafield ind1=" " ind2="0" tag="830"><subfield code="a">Collection de la Maison de l'Orient Méditerranéen</subfield><subfield code="v">11</subfield><subfield code="w">(NEBIS)000973467EBI01</subfield></datafield><datafield ind1=" " ind2="0" tag="830"><subfield code="a">Collection de la Maison de l'Orient méditerranéen ancien</subfield><subfield code="v">11</subfield><subfield code="w">(RERO)0130798-41slsp</subfield></datafield><datafield ind1=" " ind2=" " tag="900"><subfield code="a">IDSZRMedeaZBZ</subfield><subfield code="b">IDSZRSWK</subfield></datafield><datafield ind1=" " ind2=" " tag="900"><subfield code="f">IDSU2medea</subfield></datafield></record>
</metadata></record>